aggTradeId,price,qty,firstTradeId,lastTradeId,timestamp,isBuyerMaker,isBestMatch,symbol,time_dt
382271635,1.00020000,41.00000000,409906639,409906639,1775117507782,False,True,USDCUSDT,2026-04-02 08:11:47.782
382271636,1.00020000,29.00000000,409906640,409906640,1775117508259,False,True,USDCUSDT,2026-04-02 08:11:48.259
382271637,1.00020000,27.00000000,409906641,409906641,1775117508620,False,True,USDCUSDT,2026-04-02 08:11:48.620
382271638,1.00010000,27.00000000,409906642,409906642,1775117508878,True,True,USDCUSDT,2026-04-02 08:11:48.878
382271639,1.00020000,216.00000000,409906643,409906643,1775117508919,False,True,USDCUSDT,2026-04-02 08:11:48.919
382271640,1.00020000,324.00000000,409906644,409906644,1775117509078,False,True,USDCUSDT,2026-04-02 08:11:49.078
382271641,1.00020000,133.00000000,409906645,409906645,1775117509130,False,True,USDCUSDT,2026-04-02 08:11:49.130
382271642,1.00020000,73.00000000,409906646,409906646,1775117509143,False,True,USDCUSDT,2026-04-02 08:11:49.143
382271643,1.00010000,122.00000000,409906647,409906647,1775117509433,True,True,USDCUSDT,2026-04-02 08:11:49.433
382271644,1.00020000,163.00000000,409906648,409906648,1775117509947,False,True,USDCUSDT,2026-04-02 08:11:49.947
382271645,1.00010000,19.00000000,409906649,409906649,1775117510071,True,True,USDCUSDT,2026-04-02 08:11:50.071
382271646,1.00020000,86.00000000,409906650,409906650,1775117510418,False,True,USDCUSDT,2026-04-02 08:11:50.418
382271647,1.00020000,254.00000000,409906651,409906651,1775117510608,False,True,USDCUSDT,2026-04-02 08:11:50.608
382271648,1.00010000,26.00000000,409906652,409906652,1775117511046,True,True,USDCUSDT,2026-04-02 08:11:51.046
382271649,1.00010000,27.00000000,409906653,409906653,1775117511070,True,True,USDCUSDT,2026-04-02 08:11:51.070
382271650,1.00020000,944.00000000,409906654,409906654,1775117511188,False,True,USDCUSDT,2026-04-02 08:11:51.188
382271651,1.00010000,26.00000000,409906655,409906655,1775117511645,True,True,USDCUSDT,2026-04-02 08:11:51.645
382271652,1.00020000,44.00000000,409906656,409906656,1775117511853,False,True,USDCUSDT,2026-04-02 08:11:51.853
382271653,1.00010000,27.00000000,409906657,409906657,1775117511938,True,True,USDCUSDT,2026-04-02 08:11:51.938
382271654,1.00020000,32.00000000,409906658,409906658,1775117512150,False,True,USDCUSDT,2026-04-02 08:11:52.150
382271655,1.00020000,32.00000000,409906659,409906659,1775117512151,False,True,USDCUSDT,2026-04-02 08:11:52.151
382271656,1.00010000,299.00000000,409906660,409906660,1775117513596,True,True,USDCUSDT,2026-04-02 08:11:53.596
382271657,1.00010000,29.00000000,409906661,409906661,1775117513689,True,True,USDCUSDT,2026-04-02 08:11:53.689
382271658,1.00010000,28.00000000,409906662,409906662,1775117513714,True,True,USDCUSDT,2026-04-02 08:11:53.714
382271659,1.00020000,226.00000000,409906663,409906663,1775117513789,False,True,USDCUSDT,2026-04-02 08:11:53.789
382271660,1.00010000,27.00000000,409906664,409906664,1775117514272,True,True,USDCUSDT,2026-04-02 08:11:54.272
382271661,1.00010000,27.00000000,409906665,409906665,1775117514303,True,True,USDCUSDT,2026-04-02 08:11:54.303
382271662,1.00010000,28.00000000,409906666,409906666,1775117514746,True,True,USDCUSDT,2026-04-02 08:11:54.746
382271663,1.00010000,511.00000000,409906667,409906667,1775117515858,True,True,USDCUSDT,2026-04-02 08:11:55.858
382271664,1.00010000,731.00000000,409906668,409906668,1775117515865,True,True,USDCUSDT,2026-04-02 08:11:55.865
382271665,1.00010000,250.00000000,409906669,409906669,1775117515867,True,True,USDCUSDT,2026-04-02 08:11:55.867
382271666,1.00010000,26.00000000,409906670,409906670,1775117515947,True,True,USDCUSDT,2026-04-02 08:11:55.947
382271667,1.00020000,20.00000000,409906671,409906671,1775117516448,False,True,USDCUSDT,2026-04-02 08:11:56.448
382271668,1.00010000,49.00000000,409906672,409906672,1775117516647,True,True,USDCUSDT,2026-04-02 08:11:56.647
382271669,1.00010000,27.00000000,409906673,409906673,1775117516970,True,True,USDCUSDT,2026-04-02 08:11:56.970
382271670,1.00020000,22.00000000,409906674,409906674,1775117517342,False,True,USDCUSDT,2026-04-02 08:11:57.342
382271671,1.00020000,120.00000000,409906675,409906675,1775117517589,False,True,USDCUSDT,2026-04-02 08:11:57.589
382271672,1.00010000,14.00000000,409906676,409906676,1775117517640,True,True,USDCUSDT,2026-04-02 08:11:57.640
382271673,1.00010000,510.00000000,409906677,409906677,1775117518352,True,True,USDCUSDT,2026-04-02 08:11:58.352
382271674,1.00020000,54.00000000,409906678,409906678,1775117518611,False,True,USDCUSDT,2026-04-02 08:11:58.611
382271675,1.00020000,11.00000000,409906679,409906679,1775117518619,False,True,USDCUSDT,2026-04-02 08:11:58.619
382271676,1.00020000,172.00000000,409906680,409906680,1775117518625,False,True,USDCUSDT,2026-04-02 08:11:58.625
382271677,1.00010000,947.00000000,409906681,409906681,1775117518685,True,True,USDCUSDT,2026-04-02 08:11:58.685
382271678,1.00010000,47.00000000,409906682,409906682,1775117518747,True,True,USDCUSDT,2026-04-02 08:11:58.747
382271679,1.00010000,2000.00000000,409906683,409906683,1775117518874,True,True,USDCUSDT,2026-04-02 08:11:58.874
382271680,1.00010000,118.00000000,409906684,409906684,1775117519203,True,True,USDCUSDT,2026-04-02 08:11:59.203
382271681,1.00010000,50.00000000,409906685,409906685,1775117519836,True,True,USDCUSDT,2026-04-02 08:11:59.836
382271682,1.00020000,84.00000000,409906686,409906686,1775117520088,False,True,USDCUSDT,2026-04-02 08:12:00.088
382271683,1.00010000,311.00000000,409906687,409906687,1775117520162,True,True,USDCUSDT,2026-04-02 08:12:00.162
382271684,1.00010000,61.00000000,409906688,409906688,1775117520240,True,True,USDCUSDT,2026-04-02 08:12:00.240
382271685,1.00010000,1438.00000000,409906689,409906689,1775117520439,True,True,USDCUSDT,2026-04-02 08:12:00.439
382271686,1.00020000,67.00000000,409906690,409906690,1775117520664,False,True,USDCUSDT,2026-04-02 08:12:00.664
382271687,1.00010000,28.00000000,409906691,409906691,1775117520787,True,True,USDCUSDT,2026-04-02 08:12:00.787
382271688,1.00010000,28.00000000,409906692,409906692,1775117521012,True,True,USDCUSDT,2026-04-02 08:12:01.012
382271689,1.00010000,27.00000000,409906693,409906693,1775117521188,True,True,USDCUSDT,2026-04-02 08:12:01.188
382271690,1.00020000,529.00000000,409906694,409906694,1775117521338,False,True,USDCUSDT,2026-04-02 08:12:01.338
382271691,1.00010000,28.00000000,409906695,409906695,1775117521596,True,True,USDCUSDT,2026-04-02 08:12:01.596
382271692,1.00010000,360.00000000,409906696,409906696,1775117521911,True,True,USDCUSDT,2026-04-02 08:12:01.911
382271693,1.00020000,46.00000000,409906697,409906697,1775117522126,False,True,USDCUSDT,2026-04-02 08:12:02.126
382271694,1.00010000,28.00000000,409906698,409906698,1775117522664,True,True,USDCUSDT,2026-04-02 08:12:02.664
382271695,1.00010000,26.00000000,409906699,409906699,1775117523275,True,True,USDCUSDT,2026-04-02 08:12:03.275
382271696,1.00010000,172.00000000,409906700,409906700,1775117523326,True,True,USDCUSDT,2026-04-02 08:12:03.326
382271697,1.00010000,4942.00000000,409906701,409906701,1775117523410,True,True,USDCUSDT,2026-04-02 08:12:03.410
382271698,1.00020000,1499.00000000,409906702,409906702,1775117523657,False,True,USDCUSDT,2026-04-02 08:12:03.657
382271699,1.00010000,26.00000000,409906703,409906703,1775117523776,True,True,USDCUSDT,2026-04-02 08:12:03.776
382271700,1.00010000,26.00000000,409906704,409906704,1775117524034,True,True,USDCUSDT,2026-04-02 08:12:04.034
382271701,1.00020000,47554.00000000,409906705,409906705,1775117524138,False,True,USDCUSDT,2026-04-02 08:12:04.138
382271702,1.00010000,28.00000000,409906706,409906706,1775117524561,True,True,USDCUSDT,2026-04-02 08:12:04.561
382271703,1.00010000,9.00000000,409906707,409906707,1775117525073,True,True,USDCUSDT,2026-04-02 08:12:05.073
382271704,1.00010000,28.00000000,409906708,409906708,1775117525085,True,True,USDCUSDT,2026-04-02 08:12:05.085
382271705,1.00010000,17.00000000,409906709,409906709,1775117525798,True,True,USDCUSDT,2026-04-02 08:12:05.798
382271706,1.00020000,204.00000000,409906710,409906710,1775117526125,False,True,USDCUSDT,2026-04-02 08:12:06.125
382271707,1.00020000,1122.00000000,409906711,409906711,1775117526138,False,True,USDCUSDT,2026-04-02 08:12:06.138
382271708,1.00010000,47.00000000,409906712,409906712,1775117526300,True,True,USDCUSDT,2026-04-02 08:12:06.300
382271709,1.00020000,15.00000000,409906713,409906713,1775117526875,False,True,USDCUSDT,2026-04-02 08:12:06.875
382271710,1.00010000,410.00000000,409906714,409906714,1775117526897,True,True,USDCUSDT,2026-04-02 08:12:06.897
382271711,1.00020000,1880.00000000,409906715,409906715,1775117526987,False,True,USDCUSDT,2026-04-02 08:12:06.987
382271712,1.00020000,22637.00000000,409906716,409906716,1775117527137,False,True,USDCUSDT,2026-04-02 08:12:07.137
382271713,1.00020000,29.00000000,409906717,409906717,1775117527279,False,True,USDCUSDT,2026-04-02 08:12:07.279
382271714,1.00010000,28.00000000,409906718,409906718,1775117527567,True,True,USDCUSDT,2026-04-02 08:12:07.567
382271715,1.00010000,27.00000000,409906719,409906719,1775117527770,True,True,USDCUSDT,2026-04-02 08:12:07.770
382271716,1.00010000,86.00000000,409906720,409906720,1775117527941,True,True,USDCUSDT,2026-04-02 08:12:07.941
382271717,1.00020000,60.00000000,409906721,409906721,1775117527964,False,True,USDCUSDT,2026-04-02 08:12:07.964
382271718,1.00020000,291.00000000,409906722,409906722,1775117528270,False,True,USDCUSDT,2026-04-02 08:12:08.270
382271719,1.00020000,328.00000000,409906723,409906723,1775117528271,False,True,USDCUSDT,2026-04-02 08:12:08.271
382271720,1.00020000,316.00000000,409906724,409906724,1775117528406,False,True,USDCUSDT,2026-04-02 08:12:08.406
382271721,1.00020000,10.00000000,409906725,409906725,1775117528620,False,True,USDCUSDT,2026-04-02 08:12:08.620
382271722,1.00010000,150000.00000000,409906726,409906728,1775117528952,True,True,USDCUSDT,2026-04-02 08:12:08.952
382271723,1.00010000,13.00000000,409906729,409906729,1775117529303,True,True,USDCUSDT,2026-04-02 08:12:09.303
382271724,1.00010000,27.00000000,409906730,409906730,1775117529417,True,True,USDCUSDT,2026-04-02 08:12:09.417
382271725,1.00010000,24.00000000,409906731,409906731,1775117529538,True,True,USDCUSDT,2026-04-02 08:12:09.538
382271726,1.00010000,22.00000000,409906732,409906732,1775117529572,True,True,USDCUSDT,2026-04-02 08:12:09.572
382271727,1.00010000,60.00000000,409906733,409906733,1775117529764,True,True,USDCUSDT,2026-04-02 08:12:09.764
382271728,1.00010000,20.00000000,409906734,409906734,1775117530098,True,True,USDCUSDT,2026-04-02 08:12:10.098
382271729,1.00020000,82.00000000,409906735,409906735,1775117530371,False,True,USDCUSDT,2026-04-02 08:12:10.371
382271730,1.00010000,29.00000000,409906736,409906736,1775117530938,True,True,USDCUSDT,2026-04-02 08:12:10.938
382271731,1.00010000,28.00000000,409906737,409906737,1775117531569,True,True,USDCUSDT,2026-04-02 08:12:11.569
382271732,1.00010000,22.00000000,409906738,409906738,1775117531677,True,True,USDCUSDT,2026-04-02 08:12:11.677
382271733,1.00020000,60.00000000,409906739,409906739,1775117532115,False,True,USDCUSDT,2026-04-02 08:12:12.115
382271734,1.00010000,1156.00000000,409906740,409906740,1775117532344,True,True,USDCUSDT,2026-04-02 08:12:12.344
382271735,1.00010000,27.00000000,409906741,409906741,1775117532503,True,True,USDCUSDT,2026-04-02 08:12:12.503
382271736,1.00020000,29.00000000,409906742,409906742,1775117532539,False,True,USDCUSDT,2026-04-02 08:12:12.539
382271737,1.00010000,28.00000000,409906743,409906743,1775117532735,True,True,USDCUSDT,2026-04-02 08:12:12.735
382271738,1.00010000,220.00000000,409906744,409906744,1775117533024,True,True,USDCUSDT,2026-04-02 08:12:13.024
382271739,1.00020000,9.00000000,409906745,409906745,1775117533056,False,True,USDCUSDT,2026-04-02 08:12:13.056
382271740,1.00020000,6.00000000,409906746,409906746,1775117533057,False,True,USDCUSDT,2026-04-02 08:12:13.057
382271741,1.00010000,62.00000000,409906747,409906747,1775117533140,True,True,USDCUSDT,2026-04-02 08:12:13.140
382271742,1.00010000,44.00000000,409906748,409906748,1775117533147,True,True,USDCUSDT,2026-04-02 08:12:13.147
382271743,1.00020000,17.00000000,409906749,409906749,1775117533169,False,True,USDCUSDT,2026-04-02 08:12:13.169
382271744,1.00010000,820.00000000,409906750,409906750,1775117533284,True,True,USDCUSDT,2026-04-02 08:12:13.284
382271745,1.00020000,1334.00000000,409906751,409906751,1775117533384,False,True,USDCUSDT,2026-04-02 08:12:13.384
382271746,1.00010000,26.00000000,409906752,409906752,1775117533870,True,True,USDCUSDT,2026-04-02 08:12:13.870
382271747,1.00010000,27.00000000,409906753,409906753,1775117533883,True,True,USDCUSDT,2026-04-02 08:12:13.883
382271748,1.00010000,100.00000000,409906754,409906754,1775117533933,True,True,USDCUSDT,2026-04-02 08:12:13.933
382271749,1.00010000,27.00000000,409906755,409906755,1775117534617,True,True,USDCUSDT,2026-04-02 08:12:14.617
382271750,1.00010000,7.00000000,409906756,409906756,1775117535337,True,True,USDCUSDT,2026-04-02 08:12:15.337
382271751,1.00020000,8.00000000,409906757,409906757,1775117536370,False,True,USDCUSDT,2026-04-02 08:12:16.370
382271752,1.00010000,518.00000000,409906758,409906758,1775117536568,True,True,USDCUSDT,2026-04-02 08:12:16.568
382271753,1.00020000,8.00000000,409906759,409906759,1775117537304,False,True,USDCUSDT,2026-04-02 08:12:17.304
382271754,1.00010000,114.00000000,409906760,409906760,1775117537815,True,True,USDCUSDT,2026-04-02 08:12:17.815
382271755,1.00020000,1225.00000000,409906761,409906761,1775117538098,False,True,USDCUSDT,2026-04-02 08:12:18.098
382271756,1.00010000,300.00000000,409906762,409906762,1775117539247,True,True,USDCUSDT,2026-04-02 08:12:19.247
382271757,1.00010000,29.00000000,409906763,409906763,1775117539518,True,True,USDCUSDT,2026-04-02 08:12:19.518
382271758,1.00010000,35.00000000,409906764,409906764,1775117539617,True,True,USDCUSDT,2026-04-02 08:12:19.617
382271759,1.00020000,8.00000000,409906765,409906765,1775117539621,False,True,USDCUSDT,2026-04-02 08:12:19.621
382271760,1.00010000,27.00000000,409906766,409906766,1775117539702,True,True,USDCUSDT,2026-04-02 08:12:19.702
382271761,1.00010000,38.00000000,409906767,409906767,1775117539845,True,True,USDCUSDT,2026-04-02 08:12:19.845
382271762,1.00010000,28.00000000,409906768,409906768,1775117539943,True,True,USDCUSDT,2026-04-02 08:12:19.943
382271763,1.00010000,231.00000000,409906769,409906769,1775117539971,True,True,USDCUSDT,2026-04-02 08:12:19.971
382271764,1.00010000,28.00000000,409906770,409906770,1775117540163,True,True,USDCUSDT,2026-04-02 08:12:20.163
382271765,1.00020000,20.00000000,409906771,409906771,1775117540309,False,True,USDCUSDT,2026-04-02 08:12:20.309
382271766,1.00010000,29.00000000,409906772,409906772,1775117540893,True,True,USDCUSDT,2026-04-02 08:12:20.893
382271767,1.00020000,499.00000000,409906773,409906773,1775117540893,False,True,USDCUSDT,2026-04-02 08:12:20.893
382271768,1.00020000,10.00000000,409906774,409906774,1775117540893,False,True,USDCUSDT,2026-04-02 08:12:20.893
382271769,1.00020000,8.00000000,409906775,409906775,1775117540894,False,True,USDCUSDT,2026-04-02 08:12:20.894
382271770,1.00010000,31.00000000,409906776,409906776,1775117540894,True,True,USDCUSDT,2026-04-02 08:12:20.894
382271771,1.00010000,70.00000000,409906777,409906777,1775117541533,True,True,USDCUSDT,2026-04-02 08:12:21.533
382271772,1.00020000,9.00000000,409906778,409906778,1775117541550,False,True,USDCUSDT,2026-04-02 08:12:21.550
382271773,1.00020000,40.00000000,409906779,409906779,1775117541559,False,True,USDCUSDT,2026-04-02 08:12:21.559
382271774,1.00010000,977.00000000,409906780,409906780,1775117542032,True,True,USDCUSDT,2026-04-02 08:12:22.032
382271775,1.00010000,28.00000000,409906781,409906781,1775117542104,True,True,USDCUSDT,2026-04-02 08:12:22.104
382271776,1.00020000,99.00000000,409906782,409906782,1775117542389,False,True,USDCUSDT,2026-04-02 08:12:22.389
382271777,1.00020000,15.00000000,409906783,409906783,1775117542515,False,True,USDCUSDT,2026-04-02 08:12:22.515
382271778,1.00010000,226.00000000,409906784,409906784,1775117542894,True,True,USDCUSDT,2026-04-02 08:12:22.894
382271779,1.00010000,26.00000000,409906785,409906785,1775117543042,True,True,USDCUSDT,2026-04-02 08:12:23.042
382271780,1.00010000,9.00000000,409906786,409906786,1775117543139,True,True,USDCUSDT,2026-04-02 08:12:23.139
382271781,1.00010000,26.00000000,409906787,409906787,1775117543233,True,True,USDCUSDT,2026-04-02 08:12:23.233
382271782,1.00010000,28.00000000,409906788,409906788,1775117543317,True,True,USDCUSDT,2026-04-02 08:12:23.317
382271783,1.00010000,24.00000000,409906789,409906789,1775117543399,True,True,USDCUSDT,2026-04-02 08:12:23.399
382271784,1.00020000,28.00000000,409906790,409906790,1775117543445,False,True,USDCUSDT,2026-04-02 08:12:23.445
382271785,1.00010000,409.00000000,409906791,409906791,1775117543643,True,True,USDCUSDT,2026-04-02 08:12:23.643
382271786,1.00020000,455.00000000,409906792,409906792,1775117543729,False,True,USDCUSDT,2026-04-02 08:12:23.729
382271787,1.00010000,27.00000000,409906793,409906793,1775117543775,True,True,USDCUSDT,2026-04-02 08:12:23.775
382271788,1.00010000,26.00000000,409906794,409906794,1775117544339,True,True,USDCUSDT,2026-04-02 08:12:24.339
382271789,1.00010000,26.00000000,409906795,409906795,1775117545377,True,True,USDCUSDT,2026-04-02 08:12:25.377
382271790,1.00010000,27.00000000,409906796,409906796,1775117545637,True,True,USDCUSDT,2026-04-02 08:12:25.637
382271791,1.00010000,123.00000000,409906797,409906797,1775117546033,True,True,USDCUSDT,2026-04-02 08:12:26.033
382271792,1.00010000,100.00000000,409906798,409906798,1775117546488,True,True,USDCUSDT,2026-04-02 08:12:26.488
382271793,1.00020000,9.00000000,409906799,409906799,1775117546729,False,True,USDCUSDT,2026-04-02 08:12:26.729
382271794,1.00010000,27.00000000,409906800,409906800,1775117547053,True,True,USDCUSDT,2026-04-02 08:12:27.053
382271795,1.00010000,26.00000000,409906801,409906801,1775117547088,True,True,USDCUSDT,2026-04-02 08:12:27.088
382271796,1.00010000,701.00000000,409906802,409906802,1775117547111,True,True,USDCUSDT,2026-04-02 08:12:27.111
382271797,1.00010000,601.00000000,409906803,409906803,1775117547182,True,True,USDCUSDT,2026-04-02 08:12:27.182
382271798,1.00010000,7.00000000,409906804,409906804,1775117547460,True,True,USDCUSDT,2026-04-02 08:12:27.460
382271799,1.00020000,112.00000000,409906805,409906805,1775117547532,False,True,USDCUSDT,2026-04-02 08:12:27.532
382271800,1.00010000,27.00000000,409906806,409906806,1775117547773,True,True,USDCUSDT,2026-04-02 08:12:27.773
382271801,1.00010000,10.00000000,409906807,409906807,1775117548181,True,True,USDCUSDT,2026-04-02 08:12:28.181
382271802,1.00010000,9.00000000,409906808,409906808,1775117548514,True,True,USDCUSDT,2026-04-02 08:12:28.514
382271803,1.00020000,133736.00000000,409906809,409906810,1775117548544,False,True,USDCUSDT,2026-04-02 08:12:28.544
382271804,1.00020000,53.00000000,409906811,409906811,1775117548545,False,True,USDCUSDT,2026-04-02 08:12:28.545
382271805,1.00020000,87.00000000,409906812,409906812,1775117548585,False,True,USDCUSDT,2026-04-02 08:12:28.585
382271806,1.00020000,74.00000000,409906813,409906813,1775117548586,False,True,USDCUSDT,2026-04-02 08:12:28.586
382271807,1.00020000,35.00000000,409906814,409906814,1775117548589,False,True,USDCUSDT,2026-04-02 08:12:28.589
382271808,1.00020000,35.00000000,409906815,409906815,1775117548590,False,True,USDCUSDT,2026-04-02 08:12:28.590
382271809,1.00010000,28.00000000,409906816,409906816,1775117548654,True,True,USDCUSDT,2026-04-02 08:12:28.654
382271810,1.00010000,27.00000000,409906817,409906817,1775117548666,True,True,USDCUSDT,2026-04-02 08:12:28.666
382271811,1.00020000,191.00000000,409906818,409906818,1775117548874,False,True,USDCUSDT,2026-04-02 08:12:28.874
382271812,1.00010000,60.00000000,409906819,409906819,1775117549105,True,True,USDCUSDT,2026-04-02 08:12:29.105
382271813,1.00020000,41.00000000,409906820,409906820,1775117549158,False,True,USDCUSDT,2026-04-02 08:12:29.158
382271814,1.00020000,75.00000000,409906821,409906821,1775117549158,False,True,USDCUSDT,2026-04-02 08:12:29.158
382271815,1.00010000,308.00000000,409906822,409906822,1775117549169,True,True,USDCUSDT,2026-04-02 08:12:29.169
382271816,1.00010000,27.00000000,409906823,409906823,1775117549374,True,True,USDCUSDT,2026-04-02 08:12:29.374
382271817,1.00010000,27.00000000,409906824,409906824,1775117549574,True,True,USDCUSDT,2026-04-02 08:12:29.574
382271818,1.00010000,28.00000000,409906825,409906825,1775117549646,True,True,USDCUSDT,2026-04-02 08:12:29.646
382271819,1.00010000,27.00000000,409906826,409906826,1775117549674,True,True,USDCUSDT,2026-04-02 08:12:29.674
382271820,1.00010000,27.00000000,409906827,409906827,1775117549747,True,True,USDCUSDT,2026-04-02 08:12:29.747
382271821,1.00020000,10.00000000,409906828,409906828,1775117550069,False,True,USDCUSDT,2026-04-02 08:12:30.069
382271822,1.00010000,33.00000000,409906829,409906829,1775117550128,True,True,USDCUSDT,2026-04-02 08:12:30.128
382271823,1.00020000,11.00000000,409906830,409906830,1775117550190,False,True,USDCUSDT,2026-04-02 08:12:30.190
382271824,1.00020000,529.00000000,409906831,409906831,1775117550274,False,True,USDCUSDT,2026-04-02 08:12:30.274
382271825,1.00020000,8.00000000,409906832,409906832,1775117550620,False,True,USDCUSDT,2026-04-02 08:12:30.620
382271826,1.00020000,140.00000000,409906833,409906833,1775117550688,False,True,USDCUSDT,2026-04-02 08:12:30.688
382271827,1.00010000,27.00000000,409906834,409906834,1775117550711,True,True,USDCUSDT,2026-04-02 08:12:30.711
382271828,1.00020000,60.00000000,409906835,409906835,1775117550742,False,True,USDCUSDT,2026-04-02 08:12:30.742
382271829,1.00010000,26.00000000,409906836,409906836,1775117550746,True,True,USDCUSDT,2026-04-02 08:12:30.746
382271830,1.00010000,27.00000000,409906837,409906837,1775117551117,True,True,USDCUSDT,2026-04-02 08:12:31.117
382271831,1.00020000,9.00000000,409906838,409906838,1775117551441,False,True,USDCUSDT,2026-04-02 08:12:31.441
382271832,1.00010000,26.00000000,409906839,409906839,1775117551617,True,True,USDCUSDT,2026-04-02 08:12:31.617
382271833,1.00020000,3337.00000000,409906840,409906840,1775117551788,False,True,USDCUSDT,2026-04-02 08:12:31.788
382271834,1.00010000,109.00000000,409906841,409906841,1775117551953,True,True,USDCUSDT,2026-04-02 08:12:31.953
382271835,1.00010000,1334.00000000,409906842,409906842,1775117552342,True,True,USDCUSDT,2026-04-02 08:12:32.342
382271836,1.00020000,17.00000000,409906843,409906843,1775117552364,False,True,USDCUSDT,2026-04-02 08:12:32.364
382271837,1.00010000,26.00000000,409906844,409906844,1775117552373,True,True,USDCUSDT,2026-04-02 08:12:32.373
382271838,1.00010000,60.00000000,409906845,409906845,1775117552396,True,True,USDCUSDT,2026-04-02 08:12:32.396
382271839,1.00020000,337.00000000,409906846,409906846,1775117552846,False,True,USDCUSDT,2026-04-02 08:12:32.846
382271840,1.00010000,191.00000000,409906847,409906847,1775117553076,True,True,USDCUSDT,2026-04-02 08:12:33.076
382271841,1.00020000,6.00000000,409906848,409906848,1775117553348,False,True,USDCUSDT,2026-04-02 08:12:33.348
382271842,1.00020000,34.00000000,409906849,409906849,1775117553811,False,True,USDCUSDT,2026-04-02 08:12:33.811
382271843,1.00020000,8.00000000,409906850,409906850,1775117554381,False,True,USDCUSDT,2026-04-02 08:12:34.381
382271844,1.00020000,22.00000000,409906851,409906851,1775117554613,False,True,USDCUSDT,2026-04-02 08:12:34.613
382271845,1.00010000,37.00000000,409906852,409906852,1775117554705,True,True,USDCUSDT,2026-04-02 08:12:34.705
382271846,1.00010000,9.00000000,409906853,409906853,1775117554747,True,True,USDCUSDT,2026-04-02 08:12:34.747
382271847,1.00020000,12.00000000,409906854,409906854,1775117554859,False,True,USDCUSDT,2026-04-02 08:12:34.859
382271848,1.00010000,27.00000000,409906855,409906855,1775117554872,True,True,USDCUSDT,2026-04-02 08:12:34.872
382271849,1.00020000,57.00000000,409906856,409906856,1775117555002,False,True,USDCUSDT,2026-04-02 08:12:35.002
382271850,1.00010000,28.00000000,409906857,409906857,1775117555009,True,True,USDCUSDT,2026-04-02 08:12:35.009
382271851,1.00010000,27.00000000,409906858,409906858,1775117555282,True,True,USDCUSDT,2026-04-02 08:12:35.282
382271852,1.00010000,17.00000000,409906859,409906859,1775117556155,True,True,USDCUSDT,2026-04-02 08:12:36.155
382271853,1.00010000,57.00000000,409906860,409906860,1775117556513,True,True,USDCUSDT,2026-04-02 08:12:36.513
382271854,1.00010000,28.00000000,409906861,409906861,1775117556574,True,True,USDCUSDT,2026-04-02 08:12:36.574
382271855,1.00010000,28.00000000,409906862,409906862,1775117556633,True,True,USDCUSDT,2026-04-02 08:12:36.633
382271856,1.00010000,34.00000000,409906863,409906863,1775117556833,True,True,USDCUSDT,2026-04-02 08:12:36.833
382271857,1.00020000,27228.00000000,409906864,409906864,1775117557137,False,True,USDCUSDT,2026-04-02 08:12:37.137
382271858,1.00020000,118.00000000,409906865,409906865,1775117557142,False,True,USDCUSDT,2026-04-02 08:12:37.142
382271859,1.00010000,26.00000000,409906866,409906866,1775117557268,True,True,USDCUSDT,2026-04-02 08:12:37.268
382271860,1.00010000,27.00000000,409906867,409906867,1775117557487,True,True,USDCUSDT,2026-04-02 08:12:37.487
382271861,1.00020000,41.00000000,409906868,409906868,1775117557643,False,True,USDCUSDT,2026-04-02 08:12:37.643
382271862,1.00020000,550.00000000,409906869,409906869,1775117557817,False,True,USDCUSDT,2026-04-02 08:12:37.817
382271863,1.00020000,22.00000000,409906870,409906870,1775117557952,False,True,USDCUSDT,2026-04-02 08:12:37.952
382271864,1.00020000,11.00000000,409906871,409906871,1775117558535,False,True,USDCUSDT,2026-04-02 08:12:38.535
382271865,1.00010000,26.00000000,409906872,409906872,1775117558772,True,True,USDCUSDT,2026-04-02 08:12:38.772
382271866,1.00010000,200.00000000,409906873,409906873,1775117558817,True,True,USDCUSDT,2026-04-02 08:12:38.817
382271867,1.00020000,33.00000000,409906874,409906874,1775117558888,False,True,USDCUSDT,2026-04-02 08:12:38.888
382271868,1.00010000,59.00000000,409906875,409906875,1775117559045,True,True,USDCUSDT,2026-04-02 08:12:39.045
382271869,1.00020000,23212.00000000,409906876,409906876,1775117559138,False,True,USDCUSDT,2026-04-02 08:12:39.138
382271870,1.00020000,42.00000000,409906877,409906877,1775117559528,False,True,USDCUSDT,2026-04-02 08:12:39.528
382271871,1.00020000,42.00000000,409906878,409906878,1775117559529,False,True,USDCUSDT,2026-04-02 08:12:39.529
382271872,1.00020000,42.00000000,409906879,409906879,1775117559529,False,True,USDCUSDT,2026-04-02 08:12:39.529
382271873,1.00010000,12.00000000,409906880,409906880,1775117559710,True,True,USDCUSDT,2026-04-02 08:12:39.710
382271874,1.00020000,94.00000000,409906881,409906881,1775117560065,False,True,USDCUSDT,2026-04-02 08:12:40.065
382271875,1.00010000,127.00000000,409906882,409906882,1775117560272,True,True,USDCUSDT,2026-04-02 08:12:40.272
382271876,1.00010000,400.00000000,409906883,409906883,1775117560317,True,True,USDCUSDT,2026-04-02 08:12:40.317
382271877,1.00010000,845.00000000,409906884,409906884,1775117560455,True,True,USDCUSDT,2026-04-02 08:12:40.455
382271878,1.00010000,27.00000000,409906885,409906885,1775117560470,True,True,USDCUSDT,2026-04-02 08:12:40.470
382271879,1.00010000,27.00000000,409906886,409906886,1775117560688,True,True,USDCUSDT,2026-04-02 08:12:40.688
382271880,1.00010000,26.00000000,409906887,409906887,1775117561069,True,True,USDCUSDT,2026-04-02 08:12:41.069
382271881,1.00010000,28.00000000,409906888,409906888,1775117561547,True,True,USDCUSDT,2026-04-02 08:12:41.547
382271882,1.00020000,575.00000000,409906889,409906889,1775117562140,False,True,USDCUSDT,2026-04-02 08:12:42.140
382271883,1.00010000,4258.00000000,409906890,409906890,1775117562273,True,True,USDCUSDT,2026-04-02 08:12:42.273
382271884,1.00010000,49.00000000,409906891,409906891,1775117562308,True,True,USDCUSDT,2026-04-02 08:12:42.308
382271885,1.00020000,9.00000000,409906892,409906892,1775117562690,False,True,USDCUSDT,2026-04-02 08:12:42.690
382271886,1.00020000,57.00000000,409906893,409906893,1775117562888,False,True,USDCUSDT,2026-04-02 08:12:42.888
382271887,1.00010000,27.00000000,409906894,409906894,1775117562915,True,True,USDCUSDT,2026-04-02 08:12:42.915
382271888,1.00010000,12022.00000000,409906895,409906895,1775117563139,True,True,USDCUSDT,2026-04-02 08:12:43.139
382271889,1.00010000,26.00000000,409906896,409906896,1775117563833,True,True,USDCUSDT,2026-04-02 08:12:43.833
382271890,1.00020000,9.00000000,409906897,409906897,1775117563941,False,True,USDCUSDT,2026-04-02 08:12:43.941
382271891,1.00020000,10.00000000,409906898,409906898,1775117564147,False,True,USDCUSDT,2026-04-02 08:12:44.147
382271892,1.00010000,26.00000000,409906899,409906899,1775117564567,True,True,USDCUSDT,2026-04-02 08:12:44.567
382271893,1.00010000,18.00000000,409906900,409906900,1775117564946,True,True,USDCUSDT,2026-04-02 08:12:44.946
382271894,1.00010000,26.00000000,409906901,409906901,1775117565085,True,True,USDCUSDT,2026-04-02 08:12:45.085
382271895,1.00010000,2397.00000000,409906902,409906902,1775117566059,True,True,USDCUSDT,2026-04-02 08:12:46.059
382271896,1.00010000,1714.00000000,409906903,409906903,1775117566060,True,True,USDCUSDT,2026-04-02 08:12:46.060
382271897,1.00020000,1680.00000000,409906904,409906904,1775117566061,False,True,USDCUSDT,2026-04-02 08:12:46.061
382271898,1.00020000,188.00000000,409906905,409906905,1775117566063,False,True,USDCUSDT,2026-04-02 08:12:46.063
382271899,1.00020000,252.00000000,409906906,409906906,1775117566069,False,True,USDCUSDT,2026-04-02 08:12:46.069
382271900,1.00010000,27.00000000,409906907,409906907,1775117566164,True,True,USDCUSDT,2026-04-02 08:12:46.164
382271901,1.00010000,9.00000000,409906908,409906908,1775117566555,True,True,USDCUSDT,2026-04-02 08:12:46.555
382271902,1.00020000,9.00000000,409906909,409906909,1775117566845,False,True,USDCUSDT,2026-04-02 08:12:46.845
382271903,1.00010000,100.00000000,409906910,409906910,1775117567168,True,True,USDCUSDT,2026-04-02 08:12:47.168
382271904,1.00010000,30.00000000,409906911,409906911,1775117567379,True,True,USDCUSDT,2026-04-02 08:12:47.379
382271905,1.00020000,595.00000000,409906912,409906912,1775117567379,False,True,USDCUSDT,2026-04-02 08:12:47.379
382271906,1.00020000,11.00000000,409906913,409906913,1775117567379,False,True,USDCUSDT,2026-04-02 08:12:47.379
382271907,1.00010000,109.00000000,409906914,409906914,1775117567382,True,True,USDCUSDT,2026-04-02 08:12:47.382
382271908,1.00010000,7.00000000,409906915,409906915,1775117567386,True,True,USDCUSDT,2026-04-02 08:12:47.386
382271909,1.00010000,35.00000000,409906916,409906917,1775117567386,True,True,USDCUSDT,2026-04-02 08:12:47.386
382271910,1.00010000,26.00000000,409906918,409906918,1775117567584,True,True,USDCUSDT,2026-04-02 08:12:47.584
382271911,1.00010000,45.00000000,409906919,409906919,1775117568140,True,True,USDCUSDT,2026-04-02 08:12:48.140
382271912,1.00010000,27.00000000,409906920,409906920,1775117568397,True,True,USDCUSDT,2026-04-02 08:12:48.397
382271913,1.00020000,9.00000000,409906921,409906921,1775117568556,False,True,USDCUSDT,2026-04-02 08:12:48.556
382271914,1.00020000,16.00000000,409906922,409906922,1775117568744,False,True,USDCUSDT,2026-04-02 08:12:48.744
382271915,1.00010000,113.00000000,409906923,409906923,1775117569089,True,True,USDCUSDT,2026-04-02 08:12:49.089
382271916,1.00020000,97.00000000,409906924,409906924,1775117569253,False,True,USDCUSDT,2026-04-02 08:12:49.253
382271917,1.00010000,920.00000000,409906925,409906925,1775117569553,True,True,USDCUSDT,2026-04-02 08:12:49.553
382271918,1.00010000,40.00000000,409906926,409906926,1775117569846,True,True,USDCUSDT,2026-04-02 08:12:49.846
382271919,1.00010000,51.00000000,409906927,409906927,1775117569886,True,True,USDCUSDT,2026-04-02 08:12:49.886
382271920,1.00010000,1717.00000000,409906928,409906928,1775117570051,True,True,USDCUSDT,2026-04-02 08:12:50.051
382271921,1.00020000,254.00000000,409906929,409906929,1775117570053,False,True,USDCUSDT,2026-04-02 08:12:50.053
382271922,1.00010000,150.00000000,409906930,409906930,1775117570053,True,True,USDCUSDT,2026-04-02 08:12:50.053
382271923,1.00010000,310.00000000,409906931,409906931,1775117570053,True,True,USDCUSDT,2026-04-02 08:12:50.053
382271924,1.00020000,1202.00000000,409906932,409906932,1775117570054,False,True,USDCUSDT,2026-04-02 08:12:50.054
382271925,1.00020000,170.00000000,409906933,409906933,1775117570054,False,True,USDCUSDT,2026-04-02 08:12:50.054
382271926,1.00010000,47.00000000,409906934,409906934,1775117570056,True,True,USDCUSDT,2026-04-02 08:12:50.056
382271927,1.00010000,47.00000000,409906935,409906935,1775117570056,True,True,USDCUSDT,2026-04-02 08:12:50.056
382271928,1.00020000,1198.00000000,409906936,409906936,1775117570056,False,True,USDCUSDT,2026-04-02 08:12:50.056
382271929,1.00020000,72.00000000,409906937,409906937,1775117570056,False,True,USDCUSDT,2026-04-02 08:12:50.056
382271930,1.00020000,50.00000000,409906938,409906938,1775117570057,False,True,USDCUSDT,2026-04-02 08:12:50.057
382271931,1.00010000,440.00000000,409906939,409906939,1775117570068,True,True,USDCUSDT,2026-04-02 08:12:50.068
382271932,1.00010000,7.00000000,409906940,409906940,1775117570141,True,True,USDCUSDT,2026-04-02 08:12:50.141
382271933,1.00020000,275.00000000,409906941,409906941,1775117570147,False,True,USDCUSDT,2026-04-02 08:12:50.147
382271934,1.00020000,51.00000000,409906942,409906942,1775117570167,False,True,USDCUSDT,2026-04-02 08:12:50.167
382271935,1.00010000,1334.00000000,409906943,409906943,1775117570256,True,True,USDCUSDT,2026-04-02 08:12:50.256
382271936,1.00010000,188.00000000,409906944,409906944,1775117570275,True,True,USDCUSDT,2026-04-02 08:12:50.275
382271937,1.00010000,72.00000000,409906945,409906945,1775117570346,True,True,USDCUSDT,2026-04-02 08:12:50.346
382271938,1.00010000,49.00000000,409906946,409906946,1775117570401,True,True,USDCUSDT,2026-04-02 08:12:50.401
382271939,1.00010000,28.00000000,409906947,409906947,1775117570546,True,True,USDCUSDT,2026-04-02 08:12:50.546
382271940,1.00020000,1397.00000000,409906948,409906948,1775117570688,False,True,USDCUSDT,2026-04-02 08:12:50.688
382271941,1.00010000,9.00000000,409906949,409906949,1775117570744,True,True,USDCUSDT,2026-04-02 08:12:50.744
382271942,1.00020000,22.00000000,409906950,409906950,1775117570781,False,True,USDCUSDT,2026-04-02 08:12:50.781
382271943,1.00020000,198.00000000,409906951,409906951,1775117570786,False,True,USDCUSDT,2026-04-02 08:12:50.786
382271944,1.00010000,110.00000000,409906952,409906952,1775117570913,True,True,USDCUSDT,2026-04-02 08:12:50.913
382271945,1.00020000,11.00000000,409906953,409906953,1775117570997,False,True,USDCUSDT,2026-04-02 08:12:50.997
382271946,1.00010000,116.00000000,409906954,409906954,1775117571159,True,True,USDCUSDT,2026-04-02 08:12:51.159
382271947,1.00010000,410.00000000,409906955,409906955,1775117571439,True,True,USDCUSDT,2026-04-02 08:12:51.439
382271948,1.00010000,28.00000000,409906956,409906956,1775117571529,True,True,USDCUSDT,2026-04-02 08:12:51.529
382271949,1.00010000,250.00000000,409906957,409906957,1775117571602,True,True,USDCUSDT,2026-04-02 08:12:51.602
382271950,1.00020000,158.00000000,409906958,409906958,1775117571614,False,True,USDCUSDT,2026-04-02 08:12:51.614
382271951,1.00010000,172.00000000,409906959,409906959,1775117571619,True,True,USDCUSDT,2026-04-02 08:12:51.619
382271952,1.00010000,205.00000000,409906960,409906960,1775117571632,True,True,USDCUSDT,2026-04-02 08:12:51.632
382271953,1.00010000,820.00000000,409906961,409906961,1775117571646,True,True,USDCUSDT,2026-04-02 08:12:51.646
382271954,1.00020000,397.00000000,409906962,409906962,1775117571665,False,True,USDCUSDT,2026-04-02 08:12:51.665
382271955,1.00020000,310.00000000,409906963,409906963,1775117571680,False,True,USDCUSDT,2026-04-02 08:12:51.680
382271956,1.00010000,820.00000000,409906964,409906964,1775117571730,True,True,USDCUSDT,2026-04-02 08:12:51.730
382271957,1.00010000,205.00000000,409906965,409906965,1775117571730,True,True,USDCUSDT,2026-04-02 08:12:51.730
382271958,1.00010000,410.00000000,409906966,409906966,1775117571730,True,True,USDCUSDT,2026-04-02 08:12:51.730
382271959,1.00010000,27.00000000,409906967,409906967,1775117571865,True,True,USDCUSDT,2026-04-02 08:12:51.865
382271960,1.00020000,33.00000000,409906968,409906968,1775117572286,False,True,USDCUSDT,2026-04-02 08:12:52.286
382271961,1.00020000,6.00000000,409906969,409906969,1775117572287,False,True,USDCUSDT,2026-04-02 08:12:52.287
382271962,1.00010000,54.00000000,409906970,409906970,1775117572302,True,True,USDCUSDT,2026-04-02 08:12:52.302
382271963,1.00010000,397.00000000,409906971,409906971,1775117572315,True,True,USDCUSDT,2026-04-02 08:12:52.315
382271964,1.00020000,252.00000000,409906972,409906972,1775117572350,False,True,USDCUSDT,2026-04-02 08:12:52.350
382271965,1.00020000,490.00000000,409906973,409906973,1775117572350,False,True,USDCUSDT,2026-04-02 08:12:52.350
382271966,1.00010000,27.00000000,409906974,409906974,1775117572645,True,True,USDCUSDT,2026-04-02 08:12:52.645
382271967,1.00010000,410.00000000,409906975,409906975,1775117572806,True,True,USDCUSDT,2026-04-02 08:12:52.806
382271968,1.00010000,27.00000000,409906976,409906976,1775117573045,True,True,USDCUSDT,2026-04-02 08:12:53.045
382271969,1.00020000,501.00000000,409906977,409906977,1775117573067,False,True,USDCUSDT,2026-04-02 08:12:53.067
382271970,1.00020000,255.00000000,409906978,409906978,1775117573067,False,True,USDCUSDT,2026-04-02 08:12:53.067
382271971,1.00020000,9.00000000,409906979,409906979,1775117573130,False,True,USDCUSDT,2026-04-02 08:12:53.130
382271972,1.00010000,1000.00000000,409906980,409906980,1775117573139,True,True,USDCUSDT,2026-04-02 08:12:53.139
382271973,1.00010000,4000.00000000,409906981,409906981,1775117573356,True,True,USDCUSDT,2026-04-02 08:12:53.356
382271974,1.00020000,69.00000000,409906982,409906982,1775117573558,False,True,USDCUSDT,2026-04-02 08:12:53.558
382271975,1.00010000,27.00000000,409906983,409906983,1775117573688,True,True,USDCUSDT,2026-04-02 08:12:53.688
382271976,1.00020000,89.00000000,409906984,409906984,1775117573796,False,True,USDCUSDT,2026-04-02 08:12:53.796
382271977,1.00020000,16.00000000,409906985,409906985,1775117573796,False,True,USDCUSDT,2026-04-02 08:12:53.796
382271978,1.00010000,27.00000000,409906986,409906986,1775117573863,True,True,USDCUSDT,2026-04-02 08:12:53.863
382271979,1.00010000,26.00000000,409906987,409906987,1775117573870,True,True,USDCUSDT,2026-04-02 08:12:53.870
382271980,1.00010000,372.00000000,409906988,409906988,1775117574399,True,True,USDCUSDT,2026-04-02 08:12:54.399
382271981,1.00010000,110.00000000,409906989,409906989,1775117574455,True,True,USDCUSDT,2026-04-02 08:12:54.455
382271982,1.00010000,28.00000000,409906990,409906990,1775117574473,True,True,USDCUSDT,2026-04-02 08:12:54.473
382271983,1.00020000,27.00000000,409906991,409906991,1775117574531,False,True,USDCUSDT,2026-04-02 08:12:54.531
382271984,1.00010000,48.00000000,409906992,409906992,1775117574532,True,True,USDCUSDT,2026-04-02 08:12:54.532
382271985,1.00020000,61.00000000,409906993,409906993,1775117574710,False,True,USDCUSDT,2026-04-02 08:12:54.710
382271986,1.00020000,83.00000000,409906994,409906994,1775117574718,False,True,USDCUSDT,2026-04-02 08:12:54.718
382271987,1.00010000,11.00000000,409906995,409906995,1775117574775,True,True,USDCUSDT,2026-04-02 08:12:54.775
382271988,1.00020000,497.00000000,409906996,409906996,1775117575029,False,True,USDCUSDT,2026-04-02 08:12:55.029
382271989,1.00010000,27.00000000,409906997,409906997,1775117575040,True,True,USDCUSDT,2026-04-02 08:12:55.040
382271990,1.00010000,9.00000000,409906998,409906998,1775117575066,True,True,USDCUSDT,2026-04-02 08:12:55.066
382271991,1.00020000,10.00000000,409906999,409906999,1775117575177,False,True,USDCUSDT,2026-04-02 08:12:55.177
382271992,1.00010000,28.00000000,409907000,409907000,1775117575338,True,True,USDCUSDT,2026-04-02 08:12:55.338
382271993,1.00010000,2013.00000000,409907001,409907001,1775117575679,True,True,USDCUSDT,2026-04-02 08:12:55.679
382271994,1.00010000,72.00000000,409907002,409907002,1775117576017,True,True,USDCUSDT,2026-04-02 08:12:56.017
382271995,1.00010000,103.00000000,409907003,409907003,1775117576620,True,True,USDCUSDT,2026-04-02 08:12:56.620
382271996,1.00020000,39.00000000,409907004,409907004,1775117576741,False,True,USDCUSDT,2026-04-02 08:12:56.741
382271997,1.00020000,9.00000000,409907005,409907005,1775117576875,False,True,USDCUSDT,2026-04-02 08:12:56.875
382271998,1.00020000,964.00000000,409907006,409907006,1775117577070,False,True,USDCUSDT,2026-04-02 08:12:57.070
382271999,1.00020000,663.00000000,409907007,409907007,1775117577162,False,True,USDCUSDT,2026-04-02 08:12:57.162
382272000,1.00020000,392.00000000,409907008,409907008,1775117577166,False,True,USDCUSDT,2026-04-02 08:12:57.166
382272001,1.00020000,502.00000000,409907009,409907009,1775117577172,False,True,USDCUSDT,2026-04-02 08:12:57.172
382272002,1.00010000,4887.00000000,409907010,409907010,1775117577748,True,True,USDCUSDT,2026-04-02 08:12:57.748
382272003,1.00020000,8.00000000,409907011,409907011,1775117578139,False,True,USDCUSDT,2026-04-02 08:12:58.139
382272004,1.00010000,30.00000000,409907012,409907012,1775117578476,True,True,USDCUSDT,2026-04-02 08:12:58.476
382272005,1.00010000,26.00000000,409907013,409907013,1775117578689,True,True,USDCUSDT,2026-04-02 08:12:58.689
382272006,1.00010000,45.00000000,409907014,409907014,1775117578847,True,True,USDCUSDT,2026-04-02 08:12:58.847
382272007,1.00020000,44785.00000000,409907015,409907016,1775117579138,False,True,USDCUSDT,2026-04-02 08:12:59.138
382272008,1.00010000,27.00000000,409907017,409907017,1775117579172,True,True,USDCUSDT,2026-04-02 08:12:59.172
382272009,1.00010000,9.00000000,409907018,409907018,1775117579299,True,True,USDCUSDT,2026-04-02 08:12:59.299
382272010,1.00010000,28.00000000,409907019,409907019,1775117579317,True,True,USDCUSDT,2026-04-02 08:12:59.317
382272011,1.00020000,10.00000000,409907020,409907020,1775117579337,False,True,USDCUSDT,2026-04-02 08:12:59.337
382272012,1.00020000,6.00000000,409907021,409907021,1775117579356,False,True,USDCUSDT,2026-04-02 08:12:59.356
382272013,1.00010000,39.00000000,409907022,409907022,1775117580339,True,True,USDCUSDT,2026-04-02 08:13:00.339
382272014,1.00020000,399.00000000,409907023,409907023,1775117580464,False,True,USDCUSDT,2026-04-02 08:13:00.464
382272015,1.00010000,27.00000000,409907024,409907024,1775117580682,True,True,USDCUSDT,2026-04-02 08:13:00.682
382272016,1.00020000,23.00000000,409907025,409907025,1775117581015,False,True,USDCUSDT,2026-04-02 08:13:01.015
382272017,1.00010000,292.00000000,409907026,409907026,1775117581097,True,True,USDCUSDT,2026-04-02 08:13:01.097
382272018,1.00020000,9.00000000,409907027,409907027,1775117581687,False,True,USDCUSDT,2026-04-02 08:13:01.687
382272019,1.00020000,23.00000000,409907028,409907028,1775117581856,False,True,USDCUSDT,2026-04-02 08:13:01.856
382272020,1.00020000,9.00000000,409907029,409907029,1775117581875,False,True,USDCUSDT,2026-04-02 08:13:01.875
382272021,1.00010000,123.00000000,409907030,409907030,1775117582004,True,True,USDCUSDT,2026-04-02 08:13:02.004
382272022,1.00020000,9.00000000,409907031,409907031,1775117582064,False,True,USDCUSDT,2026-04-02 08:13:02.064
382272023,1.00020000,335.00000000,409907032,409907032,1775117582834,False,True,USDCUSDT,2026-04-02 08:13:02.834
382272024,1.00010000,11.00000000,409907033,409907033,1775117582919,True,True,USDCUSDT,2026-04-02 08:13:02.919
382272025,1.00010000,25.00000000,409907034,409907034,1775117583099,True,True,USDCUSDT,2026-04-02 08:13:03.099
382272026,1.00010000,29.00000000,409907035,409907035,1775117583121,True,True,USDCUSDT,2026-04-02 08:13:03.121
382272027,1.00020000,9.00000000,409907036,409907036,1775117583500,False,True,USDCUSDT,2026-04-02 08:13:03.500
382272028,1.00010000,9.00000000,409907037,409907037,1775117584375,True,True,USDCUSDT,2026-04-02 08:13:04.375
382272029,1.00010000,60.00000000,409907038,409907038,1775117584637,True,True,USDCUSDT,2026-04-02 08:13:04.637
382272030,1.00010000,49.00000000,409907039,409907039,1775117584637,True,True,USDCUSDT,2026-04-02 08:13:04.637
382272031,1.00010000,28.00000000,409907040,409907040,1775117584642,True,True,USDCUSDT,2026-04-02 08:13:04.642
382272032,1.00020000,60.00000000,409907041,409907041,1775117584648,False,True,USDCUSDT,2026-04-02 08:13:04.648
382272033,1.00020000,21.00000000,409907042,409907042,1775117584650,False,True,USDCUSDT,2026-04-02 08:13:04.650
382272034,1.00010000,26.00000000,409907043,409907043,1775117584701,True,True,USDCUSDT,2026-04-02 08:13:04.701
382272035,1.00020000,15.00000000,409907044,409907044,1775117584713,False,True,USDCUSDT,2026-04-02 08:13:04.713
382272036,1.00020000,90.00000000,409907045,409907045,1775117584736,False,True,USDCUSDT,2026-04-02 08:13:04.736
382272037,1.00020000,90.00000000,409907046,409907046,1775117584772,False,True,USDCUSDT,2026-04-02 08:13:04.772
382272038,1.00020000,42.00000000,409907047,409907047,1775117584797,False,True,USDCUSDT,2026-04-02 08:13:04.797
382272039,1.00020000,70.00000000,409907048,409907048,1775117585433,False,True,USDCUSDT,2026-04-02 08:13:05.433
382272040,1.00010000,27.00000000,409907049,409907049,1775117585630,True,True,USDCUSDT,2026-04-02 08:13:05.630
382272041,1.00020000,45.00000000,409907050,409907050,1775117585661,False,True,USDCUSDT,2026-04-02 08:13:05.661
382272042,1.00020000,22.00000000,409907051,409907051,1775117585703,False,True,USDCUSDT,2026-04-02 08:13:05.703
382272043,1.00010000,26.00000000,409907052,409907052,1775117585903,True,True,USDCUSDT,2026-04-02 08:13:05.903
382272044,1.00020000,48.00000000,409907053,409907053,1775117586060,False,True,USDCUSDT,2026-04-02 08:13:06.060
382272045,1.00020000,39.00000000,409907054,409907054,1775117586316,False,True,USDCUSDT,2026-04-02 08:13:06.316
382272046,1.00020000,15.00000000,409907055,409907055,1775117586505,False,True,USDCUSDT,2026-04-02 08:13:06.505
382272047,1.00010000,28.00000000,409907056,409907056,1775117586646,True,True,USDCUSDT,2026-04-02 08:13:06.646
382272048,1.00010000,26.00000000,409907057,409907057,1775117586772,True,True,USDCUSDT,2026-04-02 08:13:06.772
382272049,1.00010000,1000.00000000,409907058,409907058,1775117586787,True,True,USDCUSDT,2026-04-02 08:13:06.787
382272050,1.00020000,9.00000000,409907059,409907059,1775117586801,False,True,USDCUSDT,2026-04-02 08:13:06.801
382272051,1.00020000,173.00000000,409907060,409907060,1775117587003,False,True,USDCUSDT,2026-04-02 08:13:07.003
382272052,1.00020000,267.00000000,409907061,409907061,1775117587016,False,True,USDCUSDT,2026-04-02 08:13:07.016
382272053,1.00020000,2881.00000000,409907062,409907062,1775117587139,False,True,USDCUSDT,2026-04-02 08:13:07.139
382272054,1.00010000,26.00000000,409907063,409907063,1775117587177,True,True,USDCUSDT,2026-04-02 08:13:07.177
382272055,1.00020000,55.00000000,409907064,409907064,1775117587257,False,True,USDCUSDT,2026-04-02 08:13:07.257
382272056,1.00020000,39.00000000,409907065,409907065,1775117587272,False,True,USDCUSDT,2026-04-02 08:13:07.272
382272057,1.00010000,27.00000000,409907066,409907066,1775117587402,True,True,USDCUSDT,2026-04-02 08:13:07.402
382272058,1.00010000,26.00000000,409907067,409907067,1775117587572,True,True,USDCUSDT,2026-04-02 08:13:07.572
382272059,1.00010000,26.00000000,409907068,409907068,1775117587650,True,True,USDCUSDT,2026-04-02 08:13:07.650
382272060,1.00020000,8.00000000,409907069,409907069,1775117587670,False,True,USDCUSDT,2026-04-02 08:13:07.670
382272061,1.00020000,345.00000000,409907070,409907070,1775117588146,False,True,USDCUSDT,2026-04-02 08:13:08.146
382272062,1.00010000,27.00000000,409907071,409907071,1775117588442,True,True,USDCUSDT,2026-04-02 08:13:08.442
382272063,1.00020000,255.00000000,409907072,409907072,1775117588509,False,True,USDCUSDT,2026-04-02 08:13:08.509
382272064,1.00010000,9.00000000,409907073,409907073,1775117588810,True,True,USDCUSDT,2026-04-02 08:13:08.810
382272065,1.00020000,15.00000000,409907074,409907074,1775117588854,False,True,USDCUSDT,2026-04-02 08:13:08.854
382272066,1.00020000,39.00000000,409907075,409907075,1775117589143,False,True,USDCUSDT,2026-04-02 08:13:09.143
382272067,1.00010000,28.00000000,409907076,409907076,1775117589241,True,True,USDCUSDT,2026-04-02 08:13:09.241
382272068,1.00020000,35.00000000,409907077,409907077,1775117589266,False,True,USDCUSDT,2026-04-02 08:13:09.266
382272069,1.00020000,84.00000000,409907078,409907078,1775117589774,False,True,USDCUSDT,2026-04-02 08:13:09.774
382272070,1.00020000,864.00000000,409907079,409907079,1775117590290,False,True,USDCUSDT,2026-04-02 08:13:10.290
382272071,1.00020000,50.00000000,409907080,409907080,1775117590487,False,True,USDCUSDT,2026-04-02 08:13:10.487
382272072,1.00020000,61.00000000,409907081,409907081,1775117590621,False,True,USDCUSDT,2026-04-02 08:13:10.621
382272073,1.00010000,26.00000000,409907082,409907082,1775117590931,True,True,USDCUSDT,2026-04-02 08:13:10.931
382272074,1.00020000,9.00000000,409907083,409907083,1775117590949,False,True,USDCUSDT,2026-04-02 08:13:10.949
382272075,1.00020000,60.00000000,409907084,409907084,1775117591042,False,True,USDCUSDT,2026-04-02 08:13:11.042
382272076,1.00010000,1784.00000000,409907085,409907085,1775117591150,True,True,USDCUSDT,2026-04-02 08:13:11.150
382272077,1.00020000,23.00000000,409907086,409907086,1775117591475,False,True,USDCUSDT,2026-04-02 08:13:11.475
382272078,1.00020000,19.00000000,409907087,409907087,1775117591515,False,True,USDCUSDT,2026-04-02 08:13:11.515
382272079,1.00010000,1250.00000000,409907088,409907088,1775117591988,True,True,USDCUSDT,2026-04-02 08:13:11.988
382272080,1.00020000,78.00000000,409907089,409907089,1775117592333,False,True,USDCUSDT,2026-04-02 08:13:12.333
382272081,1.00010000,60.00000000,409907090,409907090,1775117592643,True,True,USDCUSDT,2026-04-02 08:13:12.643
382272082,1.00010000,9.00000000,409907091,409907091,1775117592715,True,True,USDCUSDT,2026-04-02 08:13:12.715
382272083,1.00020000,4.00000000,409907092,409907092,1775117592905,False,True,USDCUSDT,2026-04-02 08:13:12.905
382272084,1.00010000,2749.00000000,409907093,409907093,1775117593108,True,True,USDCUSDT,2026-04-02 08:13:13.108
382272085,1.00020000,2156.00000000,409907094,409907094,1775117593139,False,True,USDCUSDT,2026-04-02 08:13:13.139
382272086,1.00010000,31.00000000,409907095,409907095,1775117593140,True,True,USDCUSDT,2026-04-02 08:13:13.140
382272087,1.00020000,16.00000000,409907096,409907096,1775117593175,False,True,USDCUSDT,2026-04-02 08:13:13.175
382272088,1.00010000,28.00000000,409907097,409907097,1775117593537,True,True,USDCUSDT,2026-04-02 08:13:13.537
382272089,1.00010000,4620.00000000,409907098,409907098,1775117593560,True,True,USDCUSDT,2026-04-02 08:13:13.560
382272090,1.00010000,27.00000000,409907099,409907099,1775117593689,True,True,USDCUSDT,2026-04-02 08:13:13.689
382272091,1.00010000,8.00000000,409907100,409907100,1775117594173,True,True,USDCUSDT,2026-04-02 08:13:14.173
382272092,1.00020000,246.00000000,409907101,409907101,1775117594177,False,True,USDCUSDT,2026-04-02 08:13:14.177
382272093,1.00020000,379.00000000,409907102,409907102,1775117594603,False,True,USDCUSDT,2026-04-02 08:13:14.603
382272094,1.00020000,283.00000000,409907103,409907103,1775117594660,False,True,USDCUSDT,2026-04-02 08:13:14.660
382272095,1.00020000,5.00000000,409907104,409907104,1775117594784,False,True,USDCUSDT,2026-04-02 08:13:14.784
382272096,1.00010000,410.00000000,409907105,409907105,1775117594798,True,True,USDCUSDT,2026-04-02 08:13:14.798
382272097,1.00020000,253.00000000,409907106,409907106,1775117594878,False,True,USDCUSDT,2026-04-02 08:13:14.878
382272098,1.00020000,10.00000000,409907107,409907107,1775117595049,False,True,USDCUSDT,2026-04-02 08:13:15.049
382272099,1.00010000,26.00000000,409907108,409907108,1775117595133,True,True,USDCUSDT,2026-04-02 08:13:15.133
382272100,1.00020000,57.00000000,409907109,409907109,1775117595157,False,True,USDCUSDT,2026-04-02 08:13:15.157
382272101,1.00010000,14.00000000,409907110,409907110,1775117595158,True,True,USDCUSDT,2026-04-02 08:13:15.158
382272102,1.00020000,9.00000000,409907111,409907111,1775117595164,False,True,USDCUSDT,2026-04-02 08:13:15.164
382272103,1.00010000,27.00000000,409907112,409907112,1775117595474,True,True,USDCUSDT,2026-04-02 08:13:15.474
382272104,1.00010000,12.00000000,409907113,409907113,1775117595638,True,True,USDCUSDT,2026-04-02 08:13:15.638
382272105,1.00010000,158.00000000,409907114,409907114,1775117595788,True,True,USDCUSDT,2026-04-02 08:13:15.788
382272106,1.00010000,27.00000000,409907115,409907115,1775117595973,True,True,USDCUSDT,2026-04-02 08:13:15.973
382272107,1.00020000,604.00000000,409907116,409907116,1775117596145,False,True,USDCUSDT,2026-04-02 08:13:16.145
382272108,1.00010000,28.00000000,409907117,409907117,1775117596246,True,True,USDCUSDT,2026-04-02 08:13:16.246
382272109,1.00010000,250.00000000,409907118,409907118,1775117596503,True,True,USDCUSDT,2026-04-02 08:13:16.503
382272110,1.00010000,741.00000000,409907119,409907119,1775117596505,True,True,USDCUSDT,2026-04-02 08:13:16.505
382272111,1.00010000,28.00000000,409907120,409907120,1775117596546,True,True,USDCUSDT,2026-04-02 08:13:16.546
382272112,1.00020000,707.00000000,409907121,409907121,1775117596918,False,True,USDCUSDT,2026-04-02 08:13:16.918
382272113,1.00020000,11.00000000,409907122,409907122,1775117596926,False,True,USDCUSDT,2026-04-02 08:13:16.926
382272114,1.00010000,31.00000000,409907123,409907123,1775117596926,True,True,USDCUSDT,2026-04-02 08:13:16.926
382272115,1.00020000,391.00000000,409907124,409907124,1775117596926,False,True,USDCUSDT,2026-04-02 08:13:16.926
382272116,1.00020000,9.00000000,409907125,409907125,1775117596926,False,True,USDCUSDT,2026-04-02 08:13:16.926
382272117,1.00020000,26.00000000,409907126,409907126,1775117596970,False,True,USDCUSDT,2026-04-02 08:13:16.970
382272118,1.00010000,28.00000000,409907127,409907127,1775117597032,True,True,USDCUSDT,2026-04-02 08:13:17.032
382272119,1.00010000,27.00000000,409907128,409907128,1775117597545,True,True,USDCUSDT,2026-04-02 08:13:17.545
382272120,1.00020000,8.00000000,409907129,409907129,1775117597800,False,True,USDCUSDT,2026-04-02 08:13:17.800
382272121,1.00010000,330.00000000,409907130,409907130,1775117597987,True,True,USDCUSDT,2026-04-02 08:13:17.987
382272122,1.00010000,2067.00000000,409907131,409907131,1775117598270,True,True,USDCUSDT,2026-04-02 08:13:18.270
382272123,1.00020000,253.00000000,409907132,409907132,1775117598672,False,True,USDCUSDT,2026-04-02 08:13:18.672
382272124,1.00020000,361.00000000,409907133,409907133,1775117599119,False,True,USDCUSDT,2026-04-02 08:13:19.119
382272125,1.00020000,66.00000000,409907134,409907134,1775117599468,False,True,USDCUSDT,2026-04-02 08:13:19.468
382272126,1.00020000,6.00000000,409907135,409907135,1775117599660,False,True,USDCUSDT,2026-04-02 08:13:19.660
382272127,1.00020000,48.00000000,409907136,409907136,1775117599985,False,True,USDCUSDT,2026-04-02 08:13:19.985
382272128,1.00020000,108.00000000,409907137,409907137,1775117600140,False,True,USDCUSDT,2026-04-02 08:13:20.140
382272129,1.00010000,26.00000000,409907138,409907138,1775117600272,True,True,USDCUSDT,2026-04-02 08:13:20.272
382272130,1.00010000,576.00000000,409907139,409907139,1775117600280,True,True,USDCUSDT,2026-04-02 08:13:20.280
382272131,1.00020000,10.00000000,409907140,409907140,1775117600520,False,True,USDCUSDT,2026-04-02 08:13:20.520
382272132,1.00010000,28.00000000,409907141,409907141,1775117600812,True,True,USDCUSDT,2026-04-02 08:13:20.812
382272133,1.00010000,27.00000000,409907142,409907142,1775117600900,True,True,USDCUSDT,2026-04-02 08:13:20.900
382272134,1.00020000,2615.00000000,409907143,409907143,1775117601064,False,True,USDCUSDT,2026-04-02 08:13:21.064
3923413934,66746.00000000,0.00120000,6178274771,6178274773,1775117533914,True,True,BTCUSDT,2026-04-02 08:12:13.914
3923413935,66745.96000000,0.00016000,6178274774,6178274775,1775117533914,True,True,BTCUSDT,2026-04-02 08:12:13.914
3923413936,66745.82000000,0.00058000,6178274776,6178274776,1775117533914,True,True,BTCUSDT,2026-04-02 08:12:13.914
3923413937,66745.61000000,0.00011000,6178274777,6178274777,1775117533914,True,True,BTCUSDT,2026-04-02 08:12:13.914
3923413938,66745.45000000,0.00032000,6178274778,6178274781,1775117533914,True,True,BTCUSDT,2026-04-02 08:12:13.914
3923413939,66745.44000000,0.10096000,6178274782,6178274794,1775117533914,True,True,BTCUSDT,2026-04-02 08:12:13.914
3923413940,66745.21000000,0.00016000,6178274795,6178274795,1775117533914,True,True,BTCUSDT,2026-04-02 08:12:13.914
3923413941,66745.00000000,0.00014000,6178274796,6178274796,1775117533914,True,True,BTCUSDT,2026-04-02 08:12:13.914
3923413942,66744.30000000,0.00009000,6178274797,6178274797,1775117533914,True,True,BTCUSDT,2026-04-02 08:12:13.914
3923413943,66744.00000000,0.00120000,6178274798,6178274800,1775117533914,True,True,BTCUSDT,2026-04-02 08:12:13.914
3923413944,66743.19000000,0.00008000,6178274801,6178274801,1775117533914,True,True,BTCUSDT,2026-04-02 08:12:13.914
3923413945,66743.08000000,0.00140000,6178274802,6178274802,1775117533914,True,True,BTCUSDT,2026-04-02 08:12:13.914
3923413946,66743.01000000,0.00031000,6178274803,6178274803,1775117533914,True,True,BTCUSDT,2026-04-02 08:12:13.914
3923413947,66742.91000000,0.00120000,6178274804,6178274804,1775117533914,True,True,BTCUSDT,2026-04-02 08:12:13.914
3923413948,66742.64000000,0.00008000,6178274805,6178274805,1775117533914,True,True,BTCUSDT,2026-04-02 08:12:13.914
3923413949,66742.57000000,0.00300000,6178274806,6178274806,1775117533914,True,True,BTCUSDT,2026-04-02 08:12:13.914
3923413950,66742.55000000,0.00008000,6178274807,6178274807,1775117533914,True,True,BTCUSDT,2026-04-02 08:12:13.914
3923413951,66742.54000000,0.00533000,6178274808,6178274808,1775117533914,True,True,BTCUSDT,2026-04-02 08:12:13.914
3923413952,66742.41000000,0.00008000,6178274809,6178274809,1775117533914,True,True,BTCUSDT,2026-04-02 08:12:13.914
3923413953,66742.07000000,0.00011000,6178274810,6178274810,1775117533914,True,True,BTCUSDT,2026-04-02 08:12:13.914
3923413954,66742.00000000,0.00120000,6178274811,6178274813,1775117533914,True,True,BTCUSDT,2026-04-02 08:12:13.914
3923413955,66741.71000000,0.00009000,6178274814,6178274814,1775117533914,True,True,BTCUSDT,2026-04-02 08:12:13.914
3923413956,66741.40000000,0.00009000,6178274815,6178274815,1775117533914,True,True,BTCUSDT,2026-04-02 08:12:13.914
3923413957,66740.94000000,0.00047000,6178274816,6178274816,1775117533914,True,True,BTCUSDT,2026-04-02 08:12:13.914
3923413958,66740.81000000,0.00009000,6178274817,6178274817,1775117533914,True,True,BTCUSDT,2026-04-02 08:12:13.914
3923413959,66740.74000000,0.00010000,6178274818,6178274818,1775117533914,True,True,BTCUSDT,2026-04-02 08:12:13.914
3923413960,66740.62000000,0.00196000,6178274819,6178274834,1775117533914,True,True,BTCUSDT,2026-04-02 08:12:13.914
3923413961,66740.52000000,0.00009000,6178274835,6178274835,1775117533914,True,True,BTCUSDT,2026-04-02 08:12:13.914
3923413962,66740.45000000,0.00016000,6178274836,6178274836,1775117533914,True,True,BTCUSDT,2026-04-02 08:12:13.914
3923413963,66740.40000000,0.00032000,6178274837,6178274840,1775117533914,True,True,BTCUSDT,2026-04-02 08:12:13.914
3923413964,66740.39000000,0.02264000,6178274841,6178274841,1775117533914,True,True,BTCUSDT,2026-04-02 08:12:13.914
3923413965,66740.11000000,0.00267000,6178274842,6178274842,1775117533914,True,True,BTCUSDT,2026-04-02 08:12:13.914
3923413966,66740.02000000,0.00400000,6178274843,6178274843,1775117533914,True,True,BTCUSDT,2026-04-02 08:12:13.914
3923413967,66740.00000000,0.00183000,6178274844,6178274848,1775117533914,True,True,BTCUSDT,2026-04-02 08:12:13.914
3923413968,66739.94000000,0.00599000,6178274849,6178274849,1775117533914,True,True,BTCUSDT,2026-04-02 08:12:13.914
3923413969,66739.86000000,0.00008000,6178274850,6178274850,1775117533914,True,True,BTCUSDT,2026-04-02 08:12:13.914
3923413970,66739.79000000,0.00012000,6178274851,6178274851,1775117533914,True,True,BTCUSDT,2026-04-02 08:12:13.914
3923413971,66739.17000000,0.10340000,6178274852,6178274853,1775117533914,True,True,BTCUSDT,2026-04-02 08:12:13.914
3923413972,66739.16000000,0.10101000,6178274854,6178274854,1775117533914,True,True,BTCUSDT,2026-04-02 08:12:13.914
3923413973,66739.14000000,0.05000000,6178274855,6178274855,1775117533914,True,True,BTCUSDT,2026-04-02 08:12:13.914
3923413974,66739.12000000,0.00009000,6178274856,6178274856,1775117533914,True,True,BTCUSDT,2026-04-02 08:12:13.914
3923413975,66739.06000000,0.00033000,6178274857,6178274857,1775117533914,True,True,BTCUSDT,2026-04-02 08:12:13.914
3923413976,66739.05000000,0.00029000,6178274858,6178274858,1775117533914,True,True,BTCUSDT,2026-04-02 08:12:13.914
3923413977,66738.82000000,0.00690000,6178274859,6178274859,1775117533914,True,True,BTCUSDT,2026-04-02 08:12:13.914
3923413978,66738.68000000,0.00016000,6178274860,6178274860,1775117533914,True,True,BTCUSDT,2026-04-02 08:12:13.914
3923413979,66738.52000000,0.00085000,6178274861,6178274861,1775117533914,True,True,BTCUSDT,2026-04-02 08:12:13.914
3923413980,66738.34000000,0.00008000,6178274862,6178274862,1775117533914,True,True,BTCUSDT,2026-04-02 08:12:13.914
3923413981,66738.23000000,0.00149000,6178274863,6178274863,1775117533914,True,True,BTCUSDT,2026-04-02 08:12:13.914
3923413982,66738.06000000,0.10394000,6178274864,6178274867,1775117533914,True,True,BTCUSDT,2026-04-02 08:12:13.914
3923413983,66738.03000000,0.00048000,6178274868,6178274868,1775117533914,True,True,BTCUSDT,2026-04-02 08:12:13.914
3923413984,66738.01000000,0.01198000,6178274869,6178274870,1775117533914,True,True,BTCUSDT,2026-04-02 08:12:13.914
3923413985,66738.00000000,0.00120000,6178274871,6178274873,1775117533914,True,True,BTCUSDT,2026-04-02 08:12:13.914
3923413986,66737.93000000,0.01116000,6178274874,6178274874,1775117533914,True,True,BTCUSDT,2026-04-02 08:12:13.914
3923413987,66737.66000000,0.00008000,6178274875,6178274875,1775117533914,True,True,BTCUSDT,2026-04-02 08:12:13.914
3923413988,66736.91000000,0.00016000,6178274876,6178274877,1775117533914,True,True,BTCUSDT,2026-04-02 08:12:13.914
3923413989,66736.84000000,0.00009000,6178274878,6178274878,1775117533914,True,True,BTCUSDT,2026-04-02 08:12:13.914
3923413990,66736.58000000,0.00012000,6178274879,6178274879,1775117533914,True,True,BTCUSDT,2026-04-02 08:12:13.914
3923413991,66736.54000000,0.00300000,6178274880,6178274880,1775117533914,True,True,BTCUSDT,2026-04-02 08:12:13.914
3923413992,66736.53000000,0.00017000,6178274881,6178274882,1775117533914,True,True,BTCUSDT,2026-04-02 08:12:13.914
3923413993,66736.46000000,0.10357000,6178274883,6178274883,1775117533914,True,True,BTCUSDT,2026-04-02 08:12:13.914
3923413994,66736.34000000,0.00009000,6178274884,6178274884,1775117533914,True,True,BTCUSDT,2026-04-02 08:12:13.914
3923413995,66736.30000000,0.00031000,6178274885,6178274885,1775117533914,True,True,BTCUSDT,2026-04-02 08:12:13.914
3923413996,66736.23000000,0.00120000,6178274886,6178274886,1775117533914,True,True,BTCUSDT,2026-04-02 08:12:13.914
3923413997,66736.02000000,0.09163000,6178274887,6178274887,1775117533914,True,True,BTCUSDT,2026-04-02 08:12:13.914
3923413998,66736.02000000,0.00178000,6178274888,6178274891,1775117534465,True,True,BTCUSDT,2026-04-02 08:12:14.465
3923413999,66736.03000000,0.00010000,6178274892,6178274892,1775117534901,False,True,BTCUSDT,2026-04-02 08:12:14.901
3923414000,66736.03000000,0.24096000,6178274893,6178274894,1775117535147,False,True,BTCUSDT,2026-04-02 08:12:15.147
3923414001,66736.02000000,0.00013000,6178274895,6178274895,1775117535172,True,True,BTCUSDT,2026-04-02 08:12:15.172
3923414002,66736.02000000,0.00015000,6178274896,6178274896,1775117535689,True,True,BTCUSDT,2026-04-02 08:12:15.689
3923414003,66736.02000000,0.00073000,6178274897,6178274897,1775117535717,True,True,BTCUSDT,2026-04-02 08:12:15.717
3923414004,66736.03000000,0.00172000,6178274898,6178274898,1775117536345,False,True,BTCUSDT,2026-04-02 08:12:16.345
3923414005,66736.03000000,0.00013000,6178274899,6178274899,1775117536475,False,True,BTCUSDT,2026-04-02 08:12:16.475
3923414006,66736.03000000,0.00012000,6178274900,6178274900,1775117536916,False,True,BTCUSDT,2026-04-02 08:12:16.916
3923414007,66736.03000000,0.00015000,6178274901,6178274901,1775117536933,False,True,BTCUSDT,2026-04-02 08:12:16.933
3923414008,66736.03000000,0.00023000,6178274902,6178274902,1775117538072,False,True,BTCUSDT,2026-04-02 08:12:18.072
3923414009,66736.03000000,0.00030000,6178274903,6178274903,1775117538246,False,True,BTCUSDT,2026-04-02 08:12:18.246
3923414010,66736.03000000,0.00060000,6178274904,6178274904,1775117538572,False,True,BTCUSDT,2026-04-02 08:12:18.572
3923414011,66736.03000000,0.00098000,6178274905,6178274905,1775117538586,False,True,BTCUSDT,2026-04-02 08:12:18.586
3923414012,66736.03000000,0.01499000,6178274906,6178274906,1775117538673,False,True,BTCUSDT,2026-04-02 08:12:18.673
3923414013,66736.02000000,0.01505000,6178274907,6178274930,1775117538829,True,True,BTCUSDT,2026-04-02 08:12:18.829
3923414014,66736.02000000,0.00072000,6178274931,6178274931,1775117538834,True,True,BTCUSDT,2026-04-02 08:12:18.834
3923414015,66736.03000000,0.00430000,6178274932,6178274932,1775117539517,False,True,BTCUSDT,2026-04-02 08:12:19.517
3923414016,66736.02000000,0.03830000,6178274933,6178274933,1775117539940,True,True,BTCUSDT,2026-04-02 08:12:19.940
3923414017,66736.02000000,0.01140000,6178274934,6178274935,1775117539940,True,True,BTCUSDT,2026-04-02 08:12:19.940
3923414018,66736.03000000,0.19987000,6178274936,6178274937,1775117540139,False,True,BTCUSDT,2026-04-02 08:12:20.139
3923414019,66736.02000000,0.07700000,6178274938,6178274959,1775117540304,True,True,BTCUSDT,2026-04-02 08:12:20.304
3923414020,66736.02000000,0.00449000,6178274960,6178274960,1775117540361,True,True,BTCUSDT,2026-04-02 08:12:20.361
3923414021,66736.03000000,0.08875000,6178274961,6178274962,1775117540868,False,True,BTCUSDT,2026-04-02 08:12:20.868
3923414022,66736.03000000,0.06570000,6178274963,6178274963,1775117541140,False,True,BTCUSDT,2026-04-02 08:12:21.140
3923414023,66736.03000000,0.00387000,6178274964,6178274964,1775117541173,False,True,BTCUSDT,2026-04-02 08:12:21.173
3923414024,66736.02000000,0.00198000,6178274965,6178274965,1775117541758,True,True,BTCUSDT,2026-04-02 08:12:21.758
3923414025,66736.03000000,0.00150000,6178274966,6178274966,1775117541769,False,True,BTCUSDT,2026-04-02 08:12:21.769
3923414026,66736.03000000,0.00041000,6178274967,6178274967,1775117542128,False,True,BTCUSDT,2026-04-02 08:12:22.128
3923414027,66736.03000000,0.00041000,6178274968,6178274968,1775117542128,False,True,BTCUSDT,2026-04-02 08:12:22.128
3923414028,66736.03000000,0.00047000,6178274969,6178274969,1775117542130,False,True,BTCUSDT,2026-04-02 08:12:22.130
3923414029,66736.03000000,0.00047000,6178274970,6178274970,1775117542130,False,True,BTCUSDT,2026-04-02 08:12:22.130
3923414030,66736.03000000,0.00027000,6178274971,6178274971,1775117542130,False,True,BTCUSDT,2026-04-02 08:12:22.130
3923414031,66736.03000000,0.00041000,6178274972,6178274972,1775117542131,False,True,BTCUSDT,2026-04-02 08:12:22.131
3923414032,66736.03000000,0.00041000,6178274973,6178274973,1775117542131,False,True,BTCUSDT,2026-04-02 08:12:22.131
3923414033,66736.03000000,0.00025000,6178274974,6178274974,1775117542133,False,True,BTCUSDT,2026-04-02 08:12:22.133
3923414034,66736.02000000,0.00016000,6178274975,6178274976,1775117542674,True,True,BTCUSDT,2026-04-02 08:12:22.674
3923414035,66736.03000000,0.00088000,6178274977,6178274977,1775117542927,False,True,BTCUSDT,2026-04-02 08:12:22.927
3923414036,66736.02000000,0.01000000,6178274978,6178274991,1775117543506,True,True,BTCUSDT,2026-04-02 08:12:23.506
3923414037,66736.02000000,0.01000000,6178274992,6178274993,1775117543571,True,True,BTCUSDT,2026-04-02 08:12:23.571
3923414038,66736.02000000,0.00230000,6178274994,6178275014,1775117543589,True,True,BTCUSDT,2026-04-02 08:12:23.589
3923414039,66736.01000000,0.00057000,6178275015,6178275018,1775117543589,True,True,BTCUSDT,2026-04-02 08:12:23.589
3923414040,66736.00000000,0.00120000,6178275019,6178275021,1775117543589,True,True,BTCUSDT,2026-04-02 08:12:23.589
3923414041,66735.58000000,0.00175000,6178275022,6178275023,1775117543589,True,True,BTCUSDT,2026-04-02 08:12:23.589
3923414042,66735.41000000,0.00107000,6178275024,6178275025,1775117543589,True,True,BTCUSDT,2026-04-02 08:12:23.589
3923414043,66735.24000000,0.00135000,6178275026,6178275027,1775117543589,True,True,BTCUSDT,2026-04-02 08:12:23.589
3923414044,66734.93000000,0.00096000,6178275028,6178275029,1775117543589,True,True,BTCUSDT,2026-04-02 08:12:23.589
3923414045,66734.92000000,0.00097000,6178275030,6178275031,1775117543589,True,True,BTCUSDT,2026-04-02 08:12:23.589
3923414046,66734.91000000,0.00113000,6178275032,6178275033,1775117543589,True,True,BTCUSDT,2026-04-02 08:12:23.589
3923414047,66734.83000000,0.00091000,6178275034,6178275035,1775117543589,True,True,BTCUSDT,2026-04-02 08:12:23.589
3923414048,66734.82000000,0.00533000,6178275036,6178275036,1775117543589,True,True,BTCUSDT,2026-04-02 08:12:23.589
3923414049,66734.47000000,0.00056000,6178275037,6178275037,1775117543589,True,True,BTCUSDT,2026-04-02 08:12:23.589
3923414050,66734.00000000,0.00120000,6178275038,6178275040,1775117543589,True,True,BTCUSDT,2026-04-02 08:12:23.589
3923414051,66733.94000000,0.00009000,6178275041,6178275041,1775117543589,True,True,BTCUSDT,2026-04-02 08:12:23.589
3923414052,66733.33000000,0.00135000,6178275042,6178275043,1775117543589,True,True,BTCUSDT,2026-04-02 08:12:23.589
3923414053,66733.20000000,0.00016000,6178275044,6178275045,1775117543589,True,True,BTCUSDT,2026-04-02 08:12:23.589
3923414054,66733.17000000,0.00300000,6178275046,6178275046,1775117543589,True,True,BTCUSDT,2026-04-02 08:12:23.589
3923414055,66733.12000000,0.00008000,6178275047,6178275047,1775117543589,True,True,BTCUSDT,2026-04-02 08:12:23.589
3923414056,66732.97000000,0.00008000,6178275048,6178275048,1775117543589,True,True,BTCUSDT,2026-04-02 08:12:23.589
3923414057,66732.96000000,0.00094000,6178275049,6178275049,1775117543589,True,True,BTCUSDT,2026-04-02 08:12:23.589
3923414058,66732.96000000,0.03896000,6178275050,6178275065,1775117543605,True,True,BTCUSDT,2026-04-02 08:12:23.605
3923414059,66732.96000000,0.00461000,6178275066,6178275066,1775117543629,True,True,BTCUSDT,2026-04-02 08:12:23.629
3923414060,66732.97000000,0.00042000,6178275067,6178275067,1775117543934,False,True,BTCUSDT,2026-04-02 08:12:23.934
3923414061,66732.96000000,0.00080000,6178275068,6178275068,1775117544630,True,True,BTCUSDT,2026-04-02 08:12:24.630
3923414062,66732.97000000,0.17641000,6178275069,6178275069,1775117545139,False,True,BTCUSDT,2026-04-02 08:12:25.139
3923414063,66732.97000000,0.00301000,6178275070,6178275070,1775117545290,False,True,BTCUSDT,2026-04-02 08:12:25.290
3923414064,66732.96000000,0.00014000,6178275071,6178275071,1775117545414,True,True,BTCUSDT,2026-04-02 08:12:25.414
3923414065,66732.96000000,0.00014000,6178275072,6178275072,1775117545489,True,True,BTCUSDT,2026-04-02 08:12:25.489
3923414066,66732.96000000,0.00065000,6178275073,6178275073,1775117545497,True,True,BTCUSDT,2026-04-02 08:12:25.497
3923414067,66732.96000000,0.00014000,6178275074,6178275074,1775117545562,True,True,BTCUSDT,2026-04-02 08:12:25.562
3923414068,66732.97000000,0.00082000,6178275075,6178275076,1775117546122,False,True,BTCUSDT,2026-04-02 08:12:26.122
3923414069,66732.97000000,0.00082000,6178275077,6178275077,1775117546122,False,True,BTCUSDT,2026-04-02 08:12:26.122
3923414070,66732.97000000,0.00082000,6178275078,6178275078,1775117546122,False,True,BTCUSDT,2026-04-02 08:12:26.122
3923414071,66732.97000000,0.00056000,6178275079,6178275079,1775117546122,False,True,BTCUSDT,2026-04-02 08:12:26.122
3923414072,66732.97000000,0.00033000,6178275080,6178275080,1775117546182,False,True,BTCUSDT,2026-04-02 08:12:26.182
3923414073,66732.97000000,0.00130000,6178275081,6178275081,1775117546498,False,True,BTCUSDT,2026-04-02 08:12:26.498
3923414074,66732.96000000,0.00197000,6178275082,6178275082,1775117548119,True,True,BTCUSDT,2026-04-02 08:12:28.119
3923414075,66732.96000000,0.00049000,6178275083,6178275083,1775117548466,True,True,BTCUSDT,2026-04-02 08:12:28.466
3923414076,66732.96000000,0.00444000,6178275084,6178275084,1775117548648,True,True,BTCUSDT,2026-04-02 08:12:28.648
3923414077,66732.97000000,0.02112000,6178275085,6178275088,1775117548975,False,True,BTCUSDT,2026-04-02 08:12:28.975
3923414078,66732.97000000,0.00903000,6178275089,6178275089,1775117549113,False,True,BTCUSDT,2026-04-02 08:12:29.113
3923414079,66732.97000000,0.04170000,6178275090,6178275090,1775117549141,False,True,BTCUSDT,2026-04-02 08:12:29.141
3923414080,66732.97000000,0.18691000,6178275091,6178275097,1775117550145,False,True,BTCUSDT,2026-04-02 08:12:30.145
3923414081,66732.97000000,0.00043000,6178275098,6178275098,1775117550489,False,True,BTCUSDT,2026-04-02 08:12:30.489
3923414082,66732.96000000,0.00031000,6178275099,6178275099,1775117551217,True,True,BTCUSDT,2026-04-02 08:12:31.217
3923414083,66732.97000000,0.00010000,6178275100,6178275100,1775117551782,False,True,BTCUSDT,2026-04-02 08:12:31.782
3923414084,66732.97000000,0.00010000,6178275101,6178275101,1775117552173,False,True,BTCUSDT,2026-04-02 08:12:32.173
3923414085,66732.97000000,0.02997000,6178275102,6178275102,1775117552810,False,True,BTCUSDT,2026-04-02 08:12:32.810
3923414086,66732.97000000,0.00042000,6178275103,6178275103,1775117552927,False,True,BTCUSDT,2026-04-02 08:12:32.927
3923414087,66732.97000000,0.20460000,6178275104,6178275125,1775117552968,False,True,BTCUSDT,2026-04-02 08:12:32.968
3923414088,66732.97000000,0.19440000,6178275126,6178275134,1775117552968,False,True,BTCUSDT,2026-04-02 08:12:32.968
3923414089,66732.97000000,0.03386000,6178275135,6178275154,1775117552968,False,True,BTCUSDT,2026-04-02 08:12:32.968
3923414090,66732.98000000,0.00064000,6178275155,6178275162,1775117552968,False,True,BTCUSDT,2026-04-02 08:12:32.968
3923414091,66733.20000000,0.00008000,6178275163,6178275163,1775117552968,False,True,BTCUSDT,2026-04-02 08:12:32.968
3923414092,66733.34000000,0.00008000,6178275164,6178275164,1775117552970,False,True,BTCUSDT,2026-04-02 08:12:32.970
3923414093,66734.07000000,0.00371000,6178275165,6178275165,1775117552970,False,True,BTCUSDT,2026-04-02 08:12:32.970
3923414094,66734.82000000,0.00016000,6178275166,6178275167,1775117552970,False,True,BTCUSDT,2026-04-02 08:12:32.970
3923414095,66734.83000000,0.00016000,6178275168,6178275169,1775117552970,False,True,BTCUSDT,2026-04-02 08:12:32.970
3923414096,66734.92000000,0.00016000,6178275170,6178275171,1775117552970,False,True,BTCUSDT,2026-04-02 08:12:32.970
3923414097,66735.03000000,0.00032000,6178275172,6178275175,1775117552970,False,True,BTCUSDT,2026-04-02 08:12:32.970
3923414098,66735.04000000,0.01099000,6178275176,6178275176,1775117552970,False,True,BTCUSDT,2026-04-02 08:12:32.970
3923414099,66735.04000000,0.00374000,6178275177,6178275193,1775117552972,False,True,BTCUSDT,2026-04-02 08:12:32.972
3923414100,66736.01000000,0.00040000,6178275194,6178275198,1775117552972,False,True,BTCUSDT,2026-04-02 08:12:32.972
3923414101,66736.02000000,0.00088000,6178275199,6178275203,1775117552972,False,True,BTCUSDT,2026-04-02 08:12:32.972
3923414102,66736.03000000,0.01700000,6178275204,6178275218,1775117552972,False,True,BTCUSDT,2026-04-02 08:12:32.972
3923414103,66736.26000000,0.07032000,6178275219,6178275223,1775117552972,False,True,BTCUSDT,2026-04-02 08:12:32.972
3923414104,66736.40000000,0.00044000,6178275224,6178275229,1775117553008,False,True,BTCUSDT,2026-04-02 08:12:33.008
3923414105,66736.40000000,0.00150000,6178275230,6178275239,1775117553212,False,True,BTCUSDT,2026-04-02 08:12:33.212
3923414106,66736.40000000,0.00095000,6178275240,6178275241,1775117553366,False,True,BTCUSDT,2026-04-02 08:12:33.366
3923414107,66736.39000000,0.00238000,6178275242,6178275242,1775117553555,True,True,BTCUSDT,2026-04-02 08:12:33.555
3923414108,66736.39000000,0.00015000,6178275243,6178275243,1775117553563,True,True,BTCUSDT,2026-04-02 08:12:33.563
3923414109,66736.40000000,0.00025000,6178275244,6178275244,1775117553846,False,True,BTCUSDT,2026-04-02 08:12:33.846
3923414110,66736.39000000,0.00109000,6178275245,6178275245,1775117553923,True,True,BTCUSDT,2026-04-02 08:12:33.923
3923414111,66736.39000000,0.00066000,6178275246,6178275246,1775117554228,True,True,BTCUSDT,2026-04-02 08:12:34.228
3923414112,66736.39000000,0.00204000,6178275247,6178275247,1775117554381,True,True,BTCUSDT,2026-04-02 08:12:34.381
3923414113,66736.39000000,0.00019000,6178275248,6178275248,1775117554698,True,True,BTCUSDT,2026-04-02 08:12:34.698
3923414114,66736.39000000,0.00794000,6178275249,6178275249,1775117555674,True,True,BTCUSDT,2026-04-02 08:12:35.674
3923414115,66736.40000000,0.00749000,6178275250,6178275251,1775117555698,False,True,BTCUSDT,2026-04-02 08:12:35.698
3923414116,66736.39000000,0.00054000,6178275252,6178275252,1775117555911,True,True,BTCUSDT,2026-04-02 08:12:35.911
3923414117,66736.40000000,0.00700000,6178275253,6178275253,1775117556059,False,True,BTCUSDT,2026-04-02 08:12:36.059
3923414118,66736.40000000,0.00150000,6178275254,6178275254,1775117556590,False,True,BTCUSDT,2026-04-02 08:12:36.590
3923414119,66736.40000000,0.00618000,6178275255,6178275282,1775117556926,False,True,BTCUSDT,2026-04-02 08:12:36.926
3923414120,66736.41000000,0.00064000,6178275283,6178275290,1775117556926,False,True,BTCUSDT,2026-04-02 08:12:36.926
3923414121,66736.51000000,0.00008000,6178275291,6178275291,1775117556926,False,True,BTCUSDT,2026-04-02 08:12:36.926
3923414122,66736.52000000,0.00645000,6178275292,6178275294,1775117556926,False,True,BTCUSDT,2026-04-02 08:12:36.926
3923414123,66736.53000000,0.00008000,6178275295,6178275295,1775117556926,False,True,BTCUSDT,2026-04-02 08:12:36.926
3923414124,66736.66000000,0.00008000,6178275296,6178275296,1775117556926,False,True,BTCUSDT,2026-04-02 08:12:36.926
3923414125,66737.20000000,0.00026000,6178275297,6178275297,1775117556926,False,True,BTCUSDT,2026-04-02 08:12:36.926
3923414126,66737.32000000,0.00008000,6178275298,6178275298,1775117556926,False,True,BTCUSDT,2026-04-02 08:12:36.926
3923414127,66737.51000000,0.00318000,6178275299,6178275299,1775117556926,False,True,BTCUSDT,2026-04-02 08:12:36.926
3923414128,66737.98000000,0.00008000,6178275300,6178275300,1775117556926,False,True,BTCUSDT,2026-04-02 08:12:36.926
3923414129,66738.33000000,0.00008000,6178275301,6178275301,1775117556926,False,True,BTCUSDT,2026-04-02 08:12:36.926
3923414130,66739.12000000,0.00009000,6178275302,6178275302,1775117556926,False,True,BTCUSDT,2026-04-02 08:12:36.926
3923414131,66739.68000000,0.00031000,6178275303,6178275303,1775117556926,False,True,BTCUSDT,2026-04-02 08:12:36.926
3923414132,66739.86000000,0.00008000,6178275304,6178275304,1775117556926,False,True,BTCUSDT,2026-04-02 08:12:36.926
3923414133,66740.00000000,0.00040000,6178275305,6178275305,1775117556926,False,True,BTCUSDT,2026-04-02 08:12:36.926
3923414134,66740.64000000,0.00008000,6178275306,6178275306,1775117556926,False,True,BTCUSDT,2026-04-02 08:12:36.926
3923414135,66740.64000000,0.00113000,6178275307,6178275307,1775117557201,True,True,BTCUSDT,2026-04-02 08:12:37.201
3923414136,66740.64000000,0.00499000,6178275308,6178275308,1775117557232,True,True,BTCUSDT,2026-04-02 08:12:37.232
3923414137,66740.64000000,0.01279000,6178275309,6178275309,1775117558895,True,True,BTCUSDT,2026-04-02 08:12:38.895
3923414138,66740.64000000,0.00080000,6178275310,6178275310,1775117559008,True,True,BTCUSDT,2026-04-02 08:12:39.008
3923414139,66740.65000000,0.03434000,6178275311,6178275326,1775117559142,False,True,BTCUSDT,2026-04-02 08:12:39.142
3923414140,66740.64000000,0.00103000,6178275327,6178275327,1775117559235,True,True,BTCUSDT,2026-04-02 08:12:39.235
3923414141,66740.65000000,0.00150000,6178275328,6178275328,1775117559895,False,True,BTCUSDT,2026-04-02 08:12:39.895
3923414142,66740.65000000,0.23332000,6178275329,6178275352,1775117560139,False,True,BTCUSDT,2026-04-02 08:12:40.139
3923414143,66740.64000000,0.00386000,6178275353,6178275353,1775117560574,True,True,BTCUSDT,2026-04-02 08:12:40.574
3923414144,66740.65000000,0.00023000,6178275354,6178275354,1775117560632,False,True,BTCUSDT,2026-04-02 08:12:40.632
3923414145,66740.64000000,0.00154000,6178275355,6178275355,1775117561034,True,True,BTCUSDT,2026-04-02 08:12:41.034
3923414146,66740.64000000,0.00020000,6178275356,6178275356,1775117562073,True,True,BTCUSDT,2026-04-02 08:12:42.073
3923414147,66740.65000000,0.06381000,6178275357,6178275358,1775117562272,False,True,BTCUSDT,2026-04-02 08:12:42.272
3923414148,66740.65000000,0.00089000,6178275359,6178275359,1775117562354,False,True,BTCUSDT,2026-04-02 08:12:42.354
3923414149,66740.65000000,0.00021000,6178275360,6178275360,1775117562652,False,True,BTCUSDT,2026-04-02 08:12:42.652
3923414150,66740.65000000,0.00084000,6178275361,6178275361,1775117562733,False,True,BTCUSDT,2026-04-02 08:12:42.733
3923414151,66740.64000000,0.00111000,6178275362,6178275362,1775117563136,True,True,BTCUSDT,2026-04-02 08:12:43.136
3923414152,66740.65000000,0.00034000,6178275363,6178275363,1775117563732,False,True,BTCUSDT,2026-04-02 08:12:43.732
3923414153,66740.64000000,0.00216000,6178275364,6178275364,1775117563993,True,True,BTCUSDT,2026-04-02 08:12:43.993
3923414154,66740.65000000,0.00199000,6178275365,6178275365,1775117564176,False,True,BTCUSDT,2026-04-02 08:12:44.176
3923414155,66740.65000000,0.25022000,6178275366,6178275372,1775117565139,False,True,BTCUSDT,2026-04-02 08:12:45.139
3923414156,66740.64000000,0.00075000,6178275373,6178275373,1775117565451,True,True,BTCUSDT,2026-04-02 08:12:45.451
3923414157,66740.64000000,0.00036000,6178275374,6178275374,1775117565637,True,True,BTCUSDT,2026-04-02 08:12:45.637
3923414158,66740.64000000,0.00749000,6178275375,6178275375,1775117565724,True,True,BTCUSDT,2026-04-02 08:12:45.724
3923414159,66740.65000000,0.00074000,6178275376,6178275376,1775117567441,False,True,BTCUSDT,2026-04-02 08:12:47.441
3923414160,66740.64000000,0.00032000,6178275377,6178275377,1775117567630,True,True,BTCUSDT,2026-04-02 08:12:47.630
3923414161,66740.65000000,0.00046000,6178275378,6178275378,1775117567630,False,True,BTCUSDT,2026-04-02 08:12:47.630
3923414162,66740.65000000,0.00027000,6178275379,6178275379,1775117568005,False,True,BTCUSDT,2026-04-02 08:12:48.005
3923414163,66740.65000000,0.00068000,6178275380,6178275381,1775117569427,False,True,BTCUSDT,2026-04-02 08:12:49.427
3923414164,66740.65000000,0.13682000,6178275382,6178275427,1775117569511,False,True,BTCUSDT,2026-04-02 08:12:49.511
3923414165,66740.66000000,0.00064000,6178275428,6178275435,1775117569511,False,True,BTCUSDT,2026-04-02 08:12:49.511
3923414166,66741.14000000,0.00016000,6178275436,6178275437,1775117569511,False,True,BTCUSDT,2026-04-02 08:12:49.511
3923414167,66741.71000000,0.00009000,6178275438,6178275438,1775117569511,False,True,BTCUSDT,2026-04-02 08:12:49.511
3923414168,66741.79000000,0.00032000,6178275439,6178275442,1775117569511,False,True,BTCUSDT,2026-04-02 08:12:49.511
3923414169,66741.79000000,0.00759000,6178275443,6178275443,1775117570033,True,True,BTCUSDT,2026-04-02 08:12:50.033
3923414170,66741.80000000,0.00150000,6178275444,6178275444,1775117570072,False,True,BTCUSDT,2026-04-02 08:12:50.072
3923414171,66741.80000000,0.22464000,6178275445,6178275475,1775117570139,False,True,BTCUSDT,2026-04-02 08:12:50.139
3923414172,66741.80000000,0.89800000,6178275476,6178275504,1775117570252,False,True,BTCUSDT,2026-04-02 08:12:50.252
3923414173,66741.81000000,0.00040000,6178275505,6178275509,1775117570253,False,True,BTCUSDT,2026-04-02 08:12:50.253
3923414174,66742.00000000,0.00080000,6178275510,6178275511,1775117570253,False,True,BTCUSDT,2026-04-02 08:12:50.253
3923414175,66742.06000000,0.00032000,6178275512,6178275515,1775117570253,False,True,BTCUSDT,2026-04-02 08:12:50.253
3923414176,66742.07000000,0.03034000,6178275516,6178275519,1775117570253,False,True,BTCUSDT,2026-04-02 08:12:50.253
3923414177,66742.11000000,0.00400000,6178275520,6178275520,1775117570253,False,True,BTCUSDT,2026-04-02 08:12:50.253
3923414178,66742.20000000,0.00008000,6178275521,6178275521,1775117570253,False,True,BTCUSDT,2026-04-02 08:12:50.253
3923414179,66742.21000000,0.00764000,6178275522,6178275523,1775117570253,False,True,BTCUSDT,2026-04-02 08:12:50.253
3923414180,66742.91000000,0.00120000,6178275524,6178275524,1775117570253,False,True,BTCUSDT,2026-04-02 08:12:50.253
3923414181,66743.19000000,0.00008000,6178275525,6178275525,1775117570253,False,True,BTCUSDT,2026-04-02 08:12:50.253
3923414182,66743.26000000,0.00032000,6178275526,6178275529,1775117570253,False,True,BTCUSDT,2026-04-02 08:12:50.253
3923414183,66743.27000000,0.12024000,6178275530,6178275534,1775117570253,False,True,BTCUSDT,2026-04-02 08:12:50.253
3923414184,66743.88000000,0.00414000,6178275535,6178275535,1775117570253,False,True,BTCUSDT,2026-04-02 08:12:50.253
3923414185,66743.94000000,0.00012000,6178275536,6178275536,1775117570253,False,True,BTCUSDT,2026-04-02 08:12:50.253
3923414186,66744.00000000,0.00120000,6178275537,6178275539,1775117570253,False,True,BTCUSDT,2026-04-02 08:12:50.253
3923414187,66744.18000000,0.00016000,6178275540,6178275541,1775117570253,False,True,BTCUSDT,2026-04-02 08:12:50.253
3923414188,66744.27000000,0.00143000,6178275542,6178275542,1775117570253,False,True,BTCUSDT,2026-04-02 08:12:50.253
3923414189,66744.30000000,0.00009000,6178275543,6178275543,1775117570253,False,True,BTCUSDT,2026-04-02 08:12:50.253
3923414190,66744.51000000,0.00120000,6178275544,6178275558,1775117570254,False,True,BTCUSDT,2026-04-02 08:12:50.254
3923414191,66745.85000000,0.00543000,6178275559,6178275583,1775117570316,False,True,BTCUSDT,2026-04-02 08:12:50.316
3923414192,66745.86000000,0.00064000,6178275584,6178275591,1775117570316,False,True,BTCUSDT,2026-04-02 08:12:50.316
3923414193,66746.00000000,0.00120000,6178275592,6178275594,1775117570316,False,True,BTCUSDT,2026-04-02 08:12:50.316
3923414194,66746.46000000,0.00009000,6178275595,6178275595,1775117570316,False,True,BTCUSDT,2026-04-02 08:12:50.316
3923414195,66746.51000000,0.00024000,6178275596,6178275598,1775117570316,False,True,BTCUSDT,2026-04-02 08:12:50.316
3923414196,66746.52000000,0.00056000,6178275599,6178275605,1775117570316,False,True,BTCUSDT,2026-04-02 08:12:50.316
3923414197,66746.53000000,0.01023000,6178275606,6178275608,1775117570316,False,True,BTCUSDT,2026-04-02 08:12:50.316
3923414198,66746.89000000,0.00009000,6178275609,6178275609,1775117570316,False,True,BTCUSDT,2026-04-02 08:12:50.316
3923414199,66746.94000000,0.00027000,6178275610,6178275610,1775117570316,False,True,BTCUSDT,2026-04-02 08:12:50.316
3923414200,66747.29000000,0.00008000,6178275611,6178275611,1775117570316,False,True,BTCUSDT,2026-04-02 08:12:50.316
3923414201,66747.30000000,0.00016000,6178275612,6178275613,1775117570316,False,True,BTCUSDT,2026-04-02 08:12:50.316
3923414202,66748.00000000,0.00150000,6178275614,6178275620,1775117570403,False,True,BTCUSDT,2026-04-02 08:12:50.403
3923414203,66748.00000000,0.00020000,6178275621,6178275624,1775117570473,False,True,BTCUSDT,2026-04-02 08:12:50.473
3923414204,66748.00000000,0.00150000,6178275625,6178275642,1775117570483,False,True,BTCUSDT,2026-04-02 08:12:50.483
3923414205,66747.99000000,0.00097000,6178275643,6178275643,1775117570868,True,True,BTCUSDT,2026-04-02 08:12:50.868
3923414206,66748.00000000,0.00619000,6178275644,6178275670,1775117570871,False,True,BTCUSDT,2026-04-02 08:12:50.871
3923414207,66748.01000000,0.00064000,6178275671,6178275678,1775117570871,False,True,BTCUSDT,2026-04-02 08:12:50.871
3923414208,66748.10000000,0.00267000,6178275679,6178275679,1775117570871,False,True,BTCUSDT,2026-04-02 08:12:50.871
3923414209,66748.11000000,0.00400000,6178275680,6178275680,1775117570871,False,True,BTCUSDT,2026-04-02 08:12:50.871
3923414210,66748.37000000,0.00016000,6178275681,6178275682,1775117570871,False,True,BTCUSDT,2026-04-02 08:12:50.871
3923414211,66748.38000000,0.00008000,6178275683,6178275683,1775117570871,False,True,BTCUSDT,2026-04-02 08:12:50.871
3923414212,66748.39000000,0.00540000,6178275684,6178275685,1775117570871,False,True,BTCUSDT,2026-04-02 08:12:50.871
3923414213,66749.28000000,0.00016000,6178275686,6178275687,1775117570871,False,True,BTCUSDT,2026-04-02 08:12:50.871
3923414214,66749.34000000,0.00008000,6178275688,6178275688,1775117570871,False,True,BTCUSDT,2026-04-02 08:12:50.871
3923414215,66749.47000000,0.00008000,6178275689,6178275689,1775117570871,False,True,BTCUSDT,2026-04-02 08:12:50.871
3923414216,66749.48000000,0.06887000,6178275690,6178275719,1775117571606,False,True,BTCUSDT,2026-04-02 08:12:51.606
3923414217,66749.49000000,0.00064000,6178275720,6178275727,1775117571606,False,True,BTCUSDT,2026-04-02 08:12:51.606
3923414218,66749.59000000,0.00120000,6178275728,6178275728,1775117571606,False,True,BTCUSDT,2026-04-02 08:12:51.606
3923414219,66749.85000000,0.00008000,6178275729,6178275729,1775117571606,False,True,BTCUSDT,2026-04-02 08:12:51.606
3923414220,66750.00000000,0.00120000,6178275730,6178275732,1775117571606,False,True,BTCUSDT,2026-04-02 08:12:51.606
3923414221,66750.17000000,0.00032000,6178275733,6178275736,1775117571606,False,True,BTCUSDT,2026-04-02 08:12:51.606
3923414222,66750.18000000,0.00767000,6178275737,6178275738,1775117571606,False,True,BTCUSDT,2026-04-02 08:12:51.606
3923414223,66750.60000000,0.00003000,6178275739,6178275739,1775117571606,False,True,BTCUSDT,2026-04-02 08:12:51.606
3923414224,66750.60000000,0.00615000,6178275740,6178275767,1775117571655,False,True,BTCUSDT,2026-04-02 08:12:51.655
3923414225,66750.60000000,0.00150000,6178275768,6178275768,1775117571850,False,True,BTCUSDT,2026-04-02 08:12:51.850
3923414226,66750.60000000,0.00057000,6178275769,6178275770,1775117572137,False,True,BTCUSDT,2026-04-02 08:12:52.137
3923414227,66750.59000000,0.01013000,6178275771,6178275771,1775117572159,True,True,BTCUSDT,2026-04-02 08:12:52.159
3923414228,66750.60000000,0.00042000,6178275772,6178275772,1775117572177,False,True,BTCUSDT,2026-04-02 08:12:52.177
3923414229,66750.60000000,0.00027000,6178275773,6178275773,1775117572217,False,True,BTCUSDT,2026-04-02 08:12:52.217
3923414230,66750.60000000,0.00417000,6178275774,6178275774,1775117573710,False,True,BTCUSDT,2026-04-02 08:12:53.710
3923414231,66750.60000000,0.00642000,6178275775,6178275810,1775117574947,False,True,BTCUSDT,2026-04-02 08:12:54.947
3923414232,66750.60000000,0.00898000,6178275811,6178275847,1775117575711,False,True,BTCUSDT,2026-04-02 08:12:55.711
3923414233,66750.61000000,0.00064000,6178275848,6178275855,1775117575711,False,True,BTCUSDT,2026-04-02 08:12:55.711
3923414234,66751.37000000,0.00064000,6178275856,6178275856,1775117575711,False,True,BTCUSDT,2026-04-02 08:12:55.711
3923414235,66751.52000000,0.00009000,6178275857,6178275857,1775117575711,False,True,BTCUSDT,2026-04-02 08:12:55.711
3923414236,66751.91000000,0.00008000,6178275858,6178275858,1775117575711,False,True,BTCUSDT,2026-04-02 08:12:55.711
3923414237,66752.00000000,0.00120000,6178275859,6178275861,1775117575711,False,True,BTCUSDT,2026-04-02 08:12:55.711
3923414238,66752.07000000,0.00009000,6178275862,6178275862,1775117575711,False,True,BTCUSDT,2026-04-02 08:12:55.711
3923414239,66752.13000000,0.00011000,6178275863,6178275863,1775117575711,False,True,BTCUSDT,2026-04-02 08:12:55.711
3923414240,66752.57000000,0.00008000,6178275864,6178275864,1775117575711,False,True,BTCUSDT,2026-04-02 08:12:55.711
3923414241,66753.01000000,0.00008000,6178275865,6178275865,1775117575711,False,True,BTCUSDT,2026-04-02 08:12:55.711
3923414242,66753.18000000,0.00008000,6178275866,6178275866,1775117575711,False,True,BTCUSDT,2026-04-02 08:12:55.711
3923414243,66753.24000000,0.00008000,6178275867,6178275867,1775117575711,False,True,BTCUSDT,2026-04-02 08:12:55.711
3923414244,66753.35000000,0.00016000,6178275868,6178275869,1775117575711,False,True,BTCUSDT,2026-04-02 08:12:55.711
3923414245,66754.00000000,0.00420000,6178275870,6178275873,1775117575711,False,True,BTCUSDT,2026-04-02 08:12:55.711
3923414246,66754.01000000,0.00008000,6178275874,6178275874,1775117575711,False,True,BTCUSDT,2026-04-02 08:12:55.711
3923414247,66754.01000000,0.00010000,6178275875,6178275875,1775117576969,True,True,BTCUSDT,2026-04-02 08:12:56.969
3923414248,66754.01000000,0.00046000,6178275876,6178275876,1775117577583,True,True,BTCUSDT,2026-04-02 08:12:57.583
3923414249,66754.02000000,0.00190000,6178275877,6178275877,1775117577746,False,True,BTCUSDT,2026-04-02 08:12:57.746
3923414250,66754.02000000,0.01174000,6178275878,6178275881,1775117578140,False,True,BTCUSDT,2026-04-02 08:12:58.140
3923414251,66754.01000000,0.00730000,6178275882,6178275882,1775117578858,True,True,BTCUSDT,2026-04-02 08:12:58.858
3923414252,66754.02000000,0.06544000,6178275883,6178275908,1775117579142,False,True,BTCUSDT,2026-04-02 08:12:59.142
3923414253,66754.02000000,0.01327000,6178275909,6178275943,1775117579538,False,True,BTCUSDT,2026-04-02 08:12:59.538
3923414254,66754.03000000,0.00064000,6178275944,6178275951,1775117579538,False,True,BTCUSDT,2026-04-02 08:12:59.538
3923414255,66754.12000000,0.00400000,6178275952,6178275952,1775117579538,False,True,BTCUSDT,2026-04-02 08:12:59.538
3923414256,66754.56000000,0.00008000,6178275953,6178275953,1775117579538,False,True,BTCUSDT,2026-04-02 08:12:59.538
3923414257,66754.66000000,0.00009000,6178275954,6178275954,1775117579538,False,True,BTCUSDT,2026-04-02 08:12:59.538
3923414258,66754.97000000,0.00024000,6178275955,6178275955,1775117579538,False,True,BTCUSDT,2026-04-02 08:12:59.538
3923414259,66755.22000000,0.00008000,6178275956,6178275956,1775117579538,False,True,BTCUSDT,2026-04-02 08:12:59.538
3923414260,66756.00000000,0.00007000,6178275957,6178275957,1775117579575,False,True,BTCUSDT,2026-04-02 08:12:59.575
3923414261,66756.00000000,0.00033000,6178275958,6178275958,1775117579787,False,True,BTCUSDT,2026-04-02 08:12:59.787
3923414262,66756.00000000,0.00033000,6178275959,6178275959,1775117579803,False,True,BTCUSDT,2026-04-02 08:12:59.803
3923414263,66756.00000000,0.00033000,6178275960,6178275961,1775117579821,False,True,BTCUSDT,2026-04-02 08:12:59.821
3923414264,66756.00000000,0.00033000,6178275962,6178275964,1775117579836,False,True,BTCUSDT,2026-04-02 08:12:59.836
3923414265,66756.00000000,0.00034000,6178275965,6178275965,1775117579854,False,True,BTCUSDT,2026-04-02 08:12:59.854
3923414266,66756.00000000,0.00034000,6178275966,6178275966,1775117579870,False,True,BTCUSDT,2026-04-02 08:12:59.870
3923414267,66756.00000000,0.00034000,6178275967,6178275967,1775117579886,False,True,BTCUSDT,2026-04-02 08:12:59.886
3923414268,66756.00000000,0.00034000,6178275968,6178275968,1775117579903,False,True,BTCUSDT,2026-04-02 08:12:59.903
3923414269,66756.00000000,0.00033000,6178275969,6178275969,1775117579920,False,True,BTCUSDT,2026-04-02 08:12:59.920
3923414270,66756.00000000,0.00034000,6178275970,6178275970,1775117579937,False,True,BTCUSDT,2026-04-02 08:12:59.937
3923414271,66756.00000000,0.00033000,6178275971,6178275971,1775117579955,False,True,BTCUSDT,2026-04-02 08:12:59.955
3923414272,66756.00000000,0.00021000,6178275972,6178275972,1775117579971,False,True,BTCUSDT,2026-04-02 08:12:59.971
3923414273,66756.00000000,0.00300000,6178275973,6178275973,1775117580073,False,True,BTCUSDT,2026-04-02 08:13:00.073
3923414274,66756.00000000,0.24447000,6178275974,6178275999,1775117580138,False,True,BTCUSDT,2026-04-02 08:13:00.138
3923414275,66755.99000000,0.01788000,6178276000,6178276000,1775117580226,True,True,BTCUSDT,2026-04-02 08:13:00.226
3923414276,66755.99000000,0.03645000,6178276001,6178276001,1775117580569,True,True,BTCUSDT,2026-04-02 08:13:00.569
3923414277,66756.00000000,0.05836000,6178276002,6178276002,1775117581139,False,True,BTCUSDT,2026-04-02 08:13:01.139
3923414278,66755.99000000,0.00016000,6178276003,6178276003,1775117581396,True,True,BTCUSDT,2026-04-02 08:13:01.396
3923414279,66755.99000000,0.00752000,6178276004,6178276004,1775117581528,True,True,BTCUSDT,2026-04-02 08:13:01.528
3923414280,66756.00000000,0.00042000,6178276005,6178276005,1775117581791,False,True,BTCUSDT,2026-04-02 08:13:01.791
3923414281,66756.00000000,0.00043000,6178276006,6178276006,1775117581877,False,True,BTCUSDT,2026-04-02 08:13:01.877
3923414282,66756.00000000,0.00257000,6178276007,6178276007,1775117582232,False,True,BTCUSDT,2026-04-02 08:13:02.232
3923414283,66755.99000000,1.40097000,6178276008,6178276055,1775117582352,True,True,BTCUSDT,2026-04-02 08:13:02.352
3923414284,66755.98000000,0.00166000,6178276056,6178276074,1775117582469,True,True,BTCUSDT,2026-04-02 08:13:02.469
3923414285,66755.97000000,0.00143000,6178276075,6178276091,1775117582479,True,True,BTCUSDT,2026-04-02 08:13:02.479
3923414286,66755.96000000,0.00056000,6178276092,6178276098,1775117582479,True,True,BTCUSDT,2026-04-02 08:13:02.479
3923414287,66755.95000000,0.05663000,6178276099,6178276103,1775117582479,True,True,BTCUSDT,2026-04-02 08:13:02.479
3923414288,66755.91000000,0.00032000,6178276104,6178276107,1775117582479,True,True,BTCUSDT,2026-04-02 08:13:02.479
3923414289,66755.90000000,0.05056000,6178276108,6178276115,1775117582479,True,True,BTCUSDT,2026-04-02 08:13:02.479
3923414290,66754.67000000,0.00840000,6178276116,6178276129,1775117582568,True,True,BTCUSDT,2026-04-02 08:13:02.568
3923414291,66754.66000000,0.00016000,6178276130,6178276131,1775117582568,True,True,BTCUSDT,2026-04-02 08:13:02.568
3923414292,66754.01000000,0.00056000,6178276132,6178276138,1775117582568,True,True,BTCUSDT,2026-04-02 08:13:02.568
3923414293,66754.00000000,0.00016000,6178276139,6178276140,1775117582568,True,True,BTCUSDT,2026-04-02 08:13:02.568
3923414294,66753.95000000,0.00016000,6178276141,6178276142,1775117582568,True,True,BTCUSDT,2026-04-02 08:13:02.568
3923414295,66753.25000000,0.00008000,6178276143,6178276143,1775117582568,True,True,BTCUSDT,2026-04-02 08:13:02.568
3923414296,66753.18000000,0.00008000,6178276144,6178276144,1775117582568,True,True,BTCUSDT,2026-04-02 08:13:02.568
3923414297,66752.58000000,0.00008000,6178276145,6178276145,1775117582568,True,True,BTCUSDT,2026-04-02 08:13:02.568
3923414298,66752.00000000,0.00029000,6178276146,6178276146,1775117582568,True,True,BTCUSDT,2026-04-02 08:13:02.568
3923414299,66750.59000000,0.00032000,6178276147,6178276150,1775117582568,True,True,BTCUSDT,2026-04-02 08:13:02.568
3923414300,66750.17000000,0.00040000,6178276151,6178276155,1775117582568,True,True,BTCUSDT,2026-04-02 08:13:02.568
3923414301,66750.02000000,0.00008000,6178276156,6178276156,1775117582568,True,True,BTCUSDT,2026-04-02 08:13:02.568
3923414302,66750.01000000,0.07032000,6178276157,6178276161,1775117582568,True,True,BTCUSDT,2026-04-02 08:13:02.568
3923414303,66750.00000000,0.80000000,6178276162,6178276186,1775117582902,True,True,BTCUSDT,2026-04-02 08:13:02.902
3923414304,66750.00000000,0.00078000,6178276187,6178276187,1775117583016,True,True,BTCUSDT,2026-04-02 08:13:03.016
3923414305,66750.01000000,0.00686000,6178276188,6178276188,1775117583140,False,True,BTCUSDT,2026-04-02 08:13:03.140
3923414306,66750.01000000,0.00150000,6178276189,6178276189,1775117583628,False,True,BTCUSDT,2026-04-02 08:13:03.628
3923414307,66750.00000000,0.00272000,6178276190,6178276190,1775117583872,True,True,BTCUSDT,2026-04-02 08:13:03.872
3923414308,66750.01000000,0.20891000,6178276191,6178276192,1775117585138,False,True,BTCUSDT,2026-04-02 08:13:05.138
3923414309,66750.01000000,0.03500000,6178276193,6178276195,1775117588106,False,True,BTCUSDT,2026-04-02 08:13:08.106
3923414310,66750.01000000,0.00031000,6178276196,6178276196,1775117588556,False,True,BTCUSDT,2026-04-02 08:13:08.556
3923414311,66750.01000000,0.01499000,6178276197,6178276197,1775117588626,False,True,BTCUSDT,2026-04-02 08:13:08.626
3923414312,66750.01000000,0.41009000,6178276198,6178276251,1775117588626,False,True,BTCUSDT,2026-04-02 08:13:08.626
3923414313,66750.02000000,0.00048000,6178276252,6178276257,1775117588626,False,True,BTCUSDT,2026-04-02 08:13:08.626
3923414314,66753.17000000,0.01988000,6178276258,6178276285,1775117588716,False,True,BTCUSDT,2026-04-02 08:13:08.716
3923414315,66753.18000000,0.00064000,6178276286,6178276293,1775117588716,False,True,BTCUSDT,2026-04-02 08:13:08.716
3923414316,66754.68000000,0.00040000,6178276294,6178276298,1775117588716,False,True,BTCUSDT,2026-04-02 08:13:08.716
3923414317,66755.15000000,0.00032000,6178276299,6178276302,1775117588716,False,True,BTCUSDT,2026-04-02 08:13:08.716
3923414318,66755.32000000,0.00032000,6178276303,6178276306,1775117588716,False,True,BTCUSDT,2026-04-02 08:13:08.716
