id,price,qty,quoteQty,time,isBuyerMaker,isBestMatch,symbol,time_dt
409906359,1.00010000,708.00000000,708.07080000,1775117458012,True,True,USDCUSDT,2026-04-02 08:10:58.012
409906360,1.00020000,13.00000000,13.00260000,1775117458033,False,True,USDCUSDT,2026-04-02 08:10:58.033
409906361,1.00020000,15.00000000,15.00300000,1775117458200,False,True,USDCUSDT,2026-04-02 08:10:58.200
409906362,1.00010000,26.00000000,26.00260000,1775117458462,True,True,USDCUSDT,2026-04-02 08:10:58.462
409906363,1.00020000,69.00000000,69.01380000,1775117458510,False,True,USDCUSDT,2026-04-02 08:10:58.510
409906364,1.00020000,75.00000000,75.01500000,1775117458511,False,True,USDCUSDT,2026-04-02 08:10:58.511
409906365,1.00010000,189.00000000,189.01890000,1775117458533,True,True,USDCUSDT,2026-04-02 08:10:58.533
409906366,1.00020000,20.00000000,20.00400000,1775117458672,False,True,USDCUSDT,2026-04-02 08:10:58.672
409906367,1.00010000,27.00000000,27.00270000,1775117458817,True,True,USDCUSDT,2026-04-02 08:10:58.817
409906368,1.00020000,8.00000000,8.00160000,1775117459110,False,True,USDCUSDT,2026-04-02 08:10:59.110
409906369,1.00020000,15.00000000,15.00300000,1775117459117,False,True,USDCUSDT,2026-04-02 08:10:59.117
409906370,1.00010000,28.00000000,28.00280000,1775117459186,True,True,USDCUSDT,2026-04-02 08:10:59.186
409906371,1.00020000,285.00000000,285.05700000,1775117459206,False,True,USDCUSDT,2026-04-02 08:10:59.206
409906372,1.00020000,268.00000000,268.05360000,1775117459207,False,True,USDCUSDT,2026-04-02 08:10:59.207
409906373,1.00020000,275.00000000,275.05500000,1775117459207,False,True,USDCUSDT,2026-04-02 08:10:59.207
409906374,1.00010000,28.00000000,28.00280000,1775117459248,True,True,USDCUSDT,2026-04-02 08:10:59.248
409906375,1.00020000,8.00000000,8.00160000,1775117459706,False,True,USDCUSDT,2026-04-02 08:10:59.706
409906376,1.00010000,26.00000000,26.00260000,1775117459832,True,True,USDCUSDT,2026-04-02 08:10:59.832
409906377,1.00020000,18334.00000000,18337.66680000,1775117460137,False,True,USDCUSDT,2026-04-02 08:11:00.137
409906378,1.00020000,111.00000000,111.02220000,1775117460175,False,True,USDCUSDT,2026-04-02 08:11:00.175
409906379,1.00020000,603.00000000,603.12060000,1775117460177,False,True,USDCUSDT,2026-04-02 08:11:00.177
409906380,1.00010000,27.00000000,27.00270000,1775117460246,True,True,USDCUSDT,2026-04-02 08:11:00.246
409906381,1.00010000,244.00000000,244.02440000,1775117460367,True,True,USDCUSDT,2026-04-02 08:11:00.367
409906382,1.00020000,10.00000000,10.00200000,1775117460430,False,True,USDCUSDT,2026-04-02 08:11:00.430
409906383,1.00010000,27.00000000,27.00270000,1775117460453,True,True,USDCUSDT,2026-04-02 08:11:00.453
409906384,1.00010000,27.00000000,27.00270000,1775117460770,True,True,USDCUSDT,2026-04-02 08:11:00.770
409906385,1.00010000,27.00000000,27.00270000,1775117460826,True,True,USDCUSDT,2026-04-02 08:11:00.826
409906386,1.00020000,76.00000000,76.01520000,1775117460976,False,True,USDCUSDT,2026-04-02 08:11:00.976
409906387,1.00010000,27.00000000,27.00270000,1775117461190,True,True,USDCUSDT,2026-04-02 08:11:01.190
409906388,1.00010000,26.00000000,26.00260000,1775117461196,True,True,USDCUSDT,2026-04-02 08:11:01.196
409906389,1.00010000,368.00000000,368.03680000,1775117461340,True,True,USDCUSDT,2026-04-02 08:11:01.340
409906390,1.00010000,15.00000000,15.00150000,1775117461432,True,True,USDCUSDT,2026-04-02 08:11:01.432
409906391,1.00020000,22.00000000,22.00440000,1775117461585,False,True,USDCUSDT,2026-04-02 08:11:01.585
409906392,1.00010000,369.00000000,369.03690000,1775117461847,True,True,USDCUSDT,2026-04-02 08:11:01.847
409906393,1.00020000,400.00000000,400.08000000,1775117462247,False,True,USDCUSDT,2026-04-02 08:11:02.247
409906394,1.00010000,27.00000000,27.00270000,1775117462284,True,True,USDCUSDT,2026-04-02 08:11:02.284
409906395,1.00010000,99.00000000,99.00990000,1775117462287,True,True,USDCUSDT,2026-04-02 08:11:02.287
409906396,1.00010000,24.00000000,24.00240000,1775117462619,True,True,USDCUSDT,2026-04-02 08:11:02.619
409906397,1.00010000,185.00000000,185.01850000,1775117462688,True,True,USDCUSDT,2026-04-02 08:11:02.688
409906398,1.00010000,51.00000000,51.00510000,1775117462858,True,True,USDCUSDT,2026-04-02 08:11:02.858
409906399,1.00010000,1034.00000000,1034.10340000,1775117463150,True,True,USDCUSDT,2026-04-02 08:11:03.150
409906400,1.00010000,27.00000000,27.00270000,1775117463246,True,True,USDCUSDT,2026-04-02 08:11:03.246
409906401,1.00010000,211.00000000,211.02110000,1775117463977,True,True,USDCUSDT,2026-04-02 08:11:03.977
409906402,1.00010000,31943.00000000,31946.19430000,1775117463988,True,True,USDCUSDT,2026-04-02 08:11:03.988
409906403,1.00010000,76465.00000000,76472.64650000,1775117463988,True,True,USDCUSDT,2026-04-02 08:11:03.988
409906404,1.00010000,49995.00000000,49999.99950000,1775117463988,True,True,USDCUSDT,2026-04-02 08:11:03.988
409906405,1.00010000,90871.00000000,90880.08710000,1775117463988,True,True,USDCUSDT,2026-04-02 08:11:03.988
409906406,1.00010000,36764.00000000,36767.67640000,1775117463988,True,True,USDCUSDT,2026-04-02 08:11:03.988
409906407,1.00020000,18.00000000,18.00360000,1775117463988,False,True,USDCUSDT,2026-04-02 08:11:03.988
409906408,1.00010000,13231.00000000,13232.32310000,1775117463988,True,True,USDCUSDT,2026-04-02 08:11:03.988
409906409,1.00010000,90626.00000000,90635.06260000,1775117463988,True,True,USDCUSDT,2026-04-02 08:11:03.988
409906410,1.00010000,76194.00000000,76201.61940000,1775117463988,True,True,USDCUSDT,2026-04-02 08:11:03.988
409906411,1.00010000,52614.00000000,52619.26140000,1775117463988,True,True,USDCUSDT,2026-04-02 08:11:03.988
409906412,1.00010000,23511.00000000,23513.35110000,1775117463990,True,True,USDCUSDT,2026-04-02 08:11:03.990
409906413,1.00010000,26514.00000000,26516.65140000,1775117463990,True,True,USDCUSDT,2026-04-02 08:11:03.990
409906414,1.00020000,6.00000000,6.00120000,1775117464242,False,True,USDCUSDT,2026-04-02 08:11:04.242
409906415,1.00010000,27.00000000,27.00270000,1775117464422,True,True,USDCUSDT,2026-04-02 08:11:04.422
409906416,1.00010000,27.00000000,27.00270000,1775117464497,True,True,USDCUSDT,2026-04-02 08:11:04.497
409906417,1.00010000,28.00000000,28.00280000,1775117464855,True,True,USDCUSDT,2026-04-02 08:11:04.855
409906418,1.00020000,22.00000000,22.00440000,1775117465483,False,True,USDCUSDT,2026-04-02 08:11:05.483
409906419,1.00010000,21.00000000,21.00210000,1775117465869,True,True,USDCUSDT,2026-04-02 08:11:05.869
409906420,1.00020000,32.00000000,32.00640000,1775117466443,False,True,USDCUSDT,2026-04-02 08:11:06.443
409906421,1.00010000,9.00000000,9.00090000,1775117466570,True,True,USDCUSDT,2026-04-02 08:11:06.570
409906422,1.00020000,100.00000000,100.02000000,1775117466846,False,True,USDCUSDT,2026-04-02 08:11:06.846
409906423,1.00020000,14.00000000,14.00280000,1775117467178,False,True,USDCUSDT,2026-04-02 08:11:07.178
409906424,1.00010000,860.00000000,860.08600000,1775117467454,True,True,USDCUSDT,2026-04-02 08:11:07.454
409906425,1.00020000,1126.00000000,1126.22520000,1775117467769,False,True,USDCUSDT,2026-04-02 08:11:07.769
409906426,1.00010000,26.00000000,26.00260000,1775117467973,True,True,USDCUSDT,2026-04-02 08:11:07.973
409906427,1.00010000,26.00000000,26.00260000,1775117468045,True,True,USDCUSDT,2026-04-02 08:11:08.045
409906428,1.00020000,12.00000000,12.00240000,1775117468074,False,True,USDCUSDT,2026-04-02 08:11:08.074
409906429,1.00010000,14.00000000,14.00140000,1775117468109,True,True,USDCUSDT,2026-04-02 08:11:08.109
409906430,1.00010000,14.00000000,14.00140000,1775117468432,True,True,USDCUSDT,2026-04-02 08:11:08.432
409906431,1.00020000,97.00000000,97.01940000,1775117468451,False,True,USDCUSDT,2026-04-02 08:11:08.451
409906432,1.00010000,7.00000000,7.00070000,1775117468475,True,True,USDCUSDT,2026-04-02 08:11:08.475
409906433,1.00010000,172.00000000,172.01720000,1775117468538,True,True,USDCUSDT,2026-04-02 08:11:08.538
409906434,1.00020000,29.00000000,29.00580000,1775117469142,False,True,USDCUSDT,2026-04-02 08:11:09.142
409906435,1.00020000,806.00000000,806.16120000,1775117469142,False,True,USDCUSDT,2026-04-02 08:11:09.142
409906436,1.00020000,687.00000000,687.13740000,1775117469142,False,True,USDCUSDT,2026-04-02 08:11:09.142
409906437,1.00020000,431.00000000,431.08620000,1775117469142,False,True,USDCUSDT,2026-04-02 08:11:09.142
409906438,1.00020000,82.00000000,82.01640000,1775117469142,False,True,USDCUSDT,2026-04-02 08:11:09.142
409906439,1.00020000,29.00000000,29.00580000,1775117469142,False,True,USDCUSDT,2026-04-02 08:11:09.142
409906440,1.00020000,60.00000000,60.01200000,1775117469148,False,True,USDCUSDT,2026-04-02 08:11:09.148
409906441,1.00010000,1307.00000000,1307.13070000,1775117469174,True,True,USDCUSDT,2026-04-02 08:11:09.174
409906442,1.00010000,114.00000000,114.01140000,1775117469572,True,True,USDCUSDT,2026-04-02 08:11:09.572
409906443,1.00020000,17.00000000,17.00340000,1775117469650,False,True,USDCUSDT,2026-04-02 08:11:09.650
409906444,1.00020000,14.00000000,14.00280000,1775117469731,False,True,USDCUSDT,2026-04-02 08:11:09.731
409906445,1.00010000,28.00000000,28.00280000,1775117469888,True,True,USDCUSDT,2026-04-02 08:11:09.888
409906446,1.00010000,29.00000000,29.00290000,1775117469912,True,True,USDCUSDT,2026-04-02 08:11:09.912
409906447,1.00010000,26.00000000,26.00260000,1775117470007,True,True,USDCUSDT,2026-04-02 08:11:10.007
409906448,1.00020000,512.00000000,512.10240000,1775117470069,False,True,USDCUSDT,2026-04-02 08:11:10.069
409906449,1.00020000,17.00000000,17.00340000,1775117470073,False,True,USDCUSDT,2026-04-02 08:11:10.073
409906450,1.00020000,43268.00000000,43276.65360000,1775117470137,False,True,USDCUSDT,2026-04-02 08:11:10.137
409906451,1.00020000,59.00000000,59.01180000,1775117470296,False,True,USDCUSDT,2026-04-02 08:11:10.296
409906452,1.00010000,27.00000000,27.00270000,1775117470739,True,True,USDCUSDT,2026-04-02 08:11:10.739
409906453,1.00020000,4220.00000000,4220.84400000,1775117470811,False,True,USDCUSDT,2026-04-02 08:11:10.811
409906454,1.00020000,47362.00000000,47371.47240000,1775117470811,False,True,USDCUSDT,2026-04-02 08:11:10.811
409906455,1.00010000,14.00000000,14.00140000,1775117471006,True,True,USDCUSDT,2026-04-02 08:11:11.006
409906456,1.00010000,27.00000000,27.00270000,1775117471445,True,True,USDCUSDT,2026-04-02 08:11:11.445
409906457,1.00020000,1457.00000000,1457.29140000,1775117471600,False,True,USDCUSDT,2026-04-02 08:11:11.600
409906458,1.00020000,3167.00000000,3167.63340000,1775117471601,False,True,USDCUSDT,2026-04-02 08:11:11.601
409906459,1.00020000,17.00000000,17.00340000,1775117471633,False,True,USDCUSDT,2026-04-02 08:11:11.633
409906460,1.00010000,372.00000000,372.03720000,1775117471714,True,True,USDCUSDT,2026-04-02 08:11:11.714
409906461,1.00010000,295.00000000,295.02950000,1775117471781,True,True,USDCUSDT,2026-04-02 08:11:11.781
409906462,1.00010000,27.00000000,27.00270000,1775117471967,True,True,USDCUSDT,2026-04-02 08:11:11.967
409906463,1.00010000,28.00000000,28.00280000,1775117471978,True,True,USDCUSDT,2026-04-02 08:11:11.978
409906464,1.00010000,28.00000000,28.00280000,1775117472224,True,True,USDCUSDT,2026-04-02 08:11:12.224
409906465,1.00020000,14.00000000,14.00280000,1775117472360,False,True,USDCUSDT,2026-04-02 08:11:12.360
409906466,1.00010000,26.00000000,26.00260000,1775117472461,True,True,USDCUSDT,2026-04-02 08:11:12.461
409906467,1.00010000,200.00000000,200.02000000,1775117472660,True,True,USDCUSDT,2026-04-02 08:11:12.660
409906468,1.00010000,28.00000000,28.00280000,1775117473080,True,True,USDCUSDT,2026-04-02 08:11:13.080
409906469,1.00010000,348.00000000,348.03480000,1775117473285,True,True,USDCUSDT,2026-04-02 08:11:13.285
409906470,1.00020000,1126.00000000,1126.22520000,1775117473436,False,True,USDCUSDT,2026-04-02 08:11:13.436
409906471,1.00010000,2009.00000000,2009.20090000,1775117473645,True,True,USDCUSDT,2026-04-02 08:11:13.645
409906472,1.00010000,30.00000000,30.00300000,1775117474110,True,True,USDCUSDT,2026-04-02 08:11:14.110
409906473,1.00010000,26.00000000,26.00260000,1775117474146,True,True,USDCUSDT,2026-04-02 08:11:14.146
409906474,1.00020000,10.00000000,10.00200000,1775117474333,False,True,USDCUSDT,2026-04-02 08:11:14.333
409906475,1.00020000,1020.00000000,1020.20400000,1775117474769,False,True,USDCUSDT,2026-04-02 08:11:14.769
409906476,1.00010000,14.00000000,14.00140000,1775117475009,True,True,USDCUSDT,2026-04-02 08:11:15.009
409906477,1.00020000,12.00000000,12.00240000,1775117476225,False,True,USDCUSDT,2026-04-02 08:11:16.225
409906478,1.00020000,50.00000000,50.01000000,1775117476272,False,True,USDCUSDT,2026-04-02 08:11:16.272
409906479,1.00020000,5.00000000,5.00100000,1775117476506,False,True,USDCUSDT,2026-04-02 08:11:16.506
409906480,1.00020000,15.00000000,15.00300000,1775117477089,False,True,USDCUSDT,2026-04-02 08:11:17.089
409906481,1.00010000,27.00000000,27.00270000,1775117477117,True,True,USDCUSDT,2026-04-02 08:11:17.117
409906482,1.00020000,14.00000000,14.00280000,1775117477140,False,True,USDCUSDT,2026-04-02 08:11:17.140
409906483,1.00020000,259.00000000,259.05180000,1775117477187,False,True,USDCUSDT,2026-04-02 08:11:17.187
409906484,1.00020000,35.00000000,35.00700000,1775117477701,False,True,USDCUSDT,2026-04-02 08:11:17.701
409906485,1.00010000,214.00000000,214.02140000,1775117478270,True,True,USDCUSDT,2026-04-02 08:11:18.270
409906486,1.00010000,27.00000000,27.00270000,1775117478504,True,True,USDCUSDT,2026-04-02 08:11:18.504
409906487,1.00010000,14.00000000,14.00140000,1775117478639,True,True,USDCUSDT,2026-04-02 08:11:18.639
409906488,1.00010000,26.00000000,26.00260000,1775117479046,True,True,USDCUSDT,2026-04-02 08:11:19.046
409906489,1.00010000,2500.00000000,2500.25000000,1775117479590,True,True,USDCUSDT,2026-04-02 08:11:19.590
409906490,1.00020000,5.00000000,5.00100000,1775117479655,False,True,USDCUSDT,2026-04-02 08:11:19.655
409906491,1.00020000,14.00000000,14.00280000,1775117480035,False,True,USDCUSDT,2026-04-02 08:11:20.035
409906492,1.00020000,820.00000000,820.16400000,1775117480086,False,True,USDCUSDT,2026-04-02 08:11:20.086
409906493,1.00020000,1209.00000000,1209.24180000,1775117480086,False,True,USDCUSDT,2026-04-02 08:11:20.086
409906494,1.00020000,2352.00000000,2352.47040000,1775117480087,False,True,USDCUSDT,2026-04-02 08:11:20.087
409906495,1.00020000,142.00000000,142.02840000,1775117480270,False,True,USDCUSDT,2026-04-02 08:11:20.270
409906496,1.00020000,11.00000000,11.00220000,1775117480384,False,True,USDCUSDT,2026-04-02 08:11:20.384
409906497,1.00010000,12643.00000000,12644.26430000,1775117480534,True,True,USDCUSDT,2026-04-02 08:11:20.534
409906498,1.00020000,8.00000000,8.00160000,1775117480546,False,True,USDCUSDT,2026-04-02 08:11:20.546
409906499,1.00010000,26.00000000,26.00260000,1775117480905,True,True,USDCUSDT,2026-04-02 08:11:20.905
409906500,1.00010000,28123.00000000,28125.81230000,1775117481298,True,True,USDCUSDT,2026-04-02 08:11:21.298
409906501,1.00010000,45877.00000000,45881.58770000,1775117481298,True,True,USDCUSDT,2026-04-02 08:11:21.298
409906502,1.00010000,14.00000000,14.00140000,1775117482221,True,True,USDCUSDT,2026-04-02 08:11:22.221
409906503,1.00020000,999.00000000,999.19980000,1775117482915,False,True,USDCUSDT,2026-04-02 08:11:22.915
409906504,1.00020000,1005.00000000,1005.20100000,1775117483101,False,True,USDCUSDT,2026-04-02 08:11:23.101
409906505,1.00020000,1166.00000000,1166.23320000,1775117483101,False,True,USDCUSDT,2026-04-02 08:11:23.101
409906506,1.00020000,984.00000000,984.19680000,1775117483101,False,True,USDCUSDT,2026-04-02 08:11:23.101
409906507,1.00020000,19.00000000,19.00380000,1775117483259,False,True,USDCUSDT,2026-04-02 08:11:23.259
409906508,1.00020000,17.00000000,17.00340000,1775117483266,False,True,USDCUSDT,2026-04-02 08:11:23.266
409906509,1.00020000,1983.00000000,1983.39660000,1775117483280,False,True,USDCUSDT,2026-04-02 08:11:23.280
409906510,1.00020000,14.00000000,14.00280000,1775117483569,False,True,USDCUSDT,2026-04-02 08:11:23.569
409906511,1.00010000,27.00000000,27.00270000,1775117484529,True,True,USDCUSDT,2026-04-02 08:11:24.529
409906512,1.00010000,14.00000000,14.00140000,1775117484917,True,True,USDCUSDT,2026-04-02 08:11:24.917
409906513,1.00010000,27.00000000,27.00270000,1775117485082,True,True,USDCUSDT,2026-04-02 08:11:25.082
409906514,1.00020000,1334.00000000,1334.26680000,1775117485141,False,True,USDCUSDT,2026-04-02 08:11:25.141
409906515,1.00020000,67.00000000,67.01340000,1775117485346,False,True,USDCUSDT,2026-04-02 08:11:25.346
409906516,1.00020000,29.00000000,29.00580000,1775117485375,False,True,USDCUSDT,2026-04-02 08:11:25.375
409906517,1.00010000,4036.00000000,4036.40360000,1775117485498,True,True,USDCUSDT,2026-04-02 08:11:25.498
409906518,1.00010000,7877.00000000,7877.78770000,1775117485498,True,True,USDCUSDT,2026-04-02 08:11:25.498
409906519,1.00020000,321.00000000,321.06420000,1775117485883,False,True,USDCUSDT,2026-04-02 08:11:25.883
409906520,1.00010000,600.00000000,600.06000000,1775117486088,True,True,USDCUSDT,2026-04-02 08:11:26.088
409906521,1.00020000,14.00000000,14.00280000,1775117486239,False,True,USDCUSDT,2026-04-02 08:11:26.239
409906522,1.00020000,393.00000000,393.07860000,1775117486322,False,True,USDCUSDT,2026-04-02 08:11:26.322
409906523,1.00020000,11.00000000,11.00220000,1775117486331,False,True,USDCUSDT,2026-04-02 08:11:26.331
409906524,1.00020000,107.00000000,107.02140000,1775117486358,False,True,USDCUSDT,2026-04-02 08:11:26.358
409906525,1.00010000,6.00000000,6.00060000,1775117486431,True,True,USDCUSDT,2026-04-02 08:11:26.431
409906526,1.00020000,76.00000000,76.01520000,1775117486601,False,True,USDCUSDT,2026-04-02 08:11:26.601
409906527,1.00010000,7.00000000,7.00070000,1775117486739,True,True,USDCUSDT,2026-04-02 08:11:26.739
409906528,1.00020000,201.00000000,201.04020000,1775117487113,False,True,USDCUSDT,2026-04-02 08:11:27.113
409906529,1.00020000,9.00000000,9.00180000,1775117487217,False,True,USDCUSDT,2026-04-02 08:11:27.217
409906530,1.00010000,28.00000000,28.00280000,1775117487488,True,True,USDCUSDT,2026-04-02 08:11:27.488
409906531,1.00010000,27.00000000,27.00270000,1775117487681,True,True,USDCUSDT,2026-04-02 08:11:27.681
409906532,1.00010000,502.00000000,502.05020000,1775117487818,True,True,USDCUSDT,2026-04-02 08:11:27.818
409906533,1.00010000,27.00000000,27.00270000,1775117488141,True,True,USDCUSDT,2026-04-02 08:11:28.141
409906534,1.00010000,562.00000000,562.05620000,1775117488363,True,True,USDCUSDT,2026-04-02 08:11:28.363
409906535,1.00010000,28.00000000,28.00280000,1775117489057,True,True,USDCUSDT,2026-04-02 08:11:29.057
409906536,1.00010000,27.00000000,27.00270000,1775117489167,True,True,USDCUSDT,2026-04-02 08:11:29.167
409906537,1.00010000,26.00000000,26.00260000,1775117489383,True,True,USDCUSDT,2026-04-02 08:11:29.383
409906538,1.00020000,35.00000000,35.00700000,1775117489441,False,True,USDCUSDT,2026-04-02 08:11:29.441
409906539,1.00010000,26.00000000,26.00260000,1775117489845,True,True,USDCUSDT,2026-04-02 08:11:29.845
409906540,1.00020000,100.00000000,100.02000000,1775117490092,False,True,USDCUSDT,2026-04-02 08:11:30.092
409906541,1.00020000,157.00000000,157.03140000,1775117490101,False,True,USDCUSDT,2026-04-02 08:11:30.101
409906542,1.00020000,1190.00000000,1190.23800000,1775117490187,False,True,USDCUSDT,2026-04-02 08:11:30.187
409906543,1.00020000,1006.00000000,1006.20120000,1775117490187,False,True,USDCUSDT,2026-04-02 08:11:30.187
409906544,1.00020000,2041.00000000,2041.40820000,1775117490187,False,True,USDCUSDT,2026-04-02 08:11:30.187
409906545,1.00020000,1021.00000000,1021.20420000,1775117490187,False,True,USDCUSDT,2026-04-02 08:11:30.187
409906546,1.00020000,275.00000000,275.05500000,1775117490388,False,True,USDCUSDT,2026-04-02 08:11:30.388
409906547,1.00020000,388.00000000,388.07760000,1775117490551,False,True,USDCUSDT,2026-04-02 08:11:30.551
409906548,1.00020000,3204.00000000,3204.64080000,1775117490552,False,True,USDCUSDT,2026-04-02 08:11:30.552
409906549,1.00020000,817.00000000,817.16340000,1775117491110,False,True,USDCUSDT,2026-04-02 08:11:31.110
409906550,1.00010000,1500.00000000,1500.15000000,1775117491187,True,True,USDCUSDT,2026-04-02 08:11:31.187
409906551,1.00020000,271.00000000,271.05420000,1775117491195,False,True,USDCUSDT,2026-04-02 08:11:31.195
409906552,1.00010000,26.00000000,26.00260000,1775117491261,True,True,USDCUSDT,2026-04-02 08:11:31.261
409906553,1.00010000,26.00000000,26.00260000,1775117491676,True,True,USDCUSDT,2026-04-02 08:11:31.676
409906554,1.00020000,12.00000000,12.00240000,1775117491868,False,True,USDCUSDT,2026-04-02 08:11:31.868
409906555,1.00020000,15.00000000,15.00300000,1775117492109,False,True,USDCUSDT,2026-04-02 08:11:32.109
409906556,1.00020000,50291.00000000,50301.05820000,1775117492137,False,True,USDCUSDT,2026-04-02 08:11:32.137
409906557,1.00020000,626.00000000,626.12520000,1775117492154,False,True,USDCUSDT,2026-04-02 08:11:32.154
409906558,1.00010000,28.00000000,28.00280000,1775117492357,True,True,USDCUSDT,2026-04-02 08:11:32.357
409906559,1.00020000,5.00000000,5.00100000,1775117492536,False,True,USDCUSDT,2026-04-02 08:11:32.536
409906560,1.00010000,28.00000000,28.00280000,1775117492674,True,True,USDCUSDT,2026-04-02 08:11:32.674
409906561,1.00020000,202.00000000,202.04040000,1775117492729,False,True,USDCUSDT,2026-04-02 08:11:32.729
409906562,1.00020000,100.00000000,100.02000000,1775117492787,False,True,USDCUSDT,2026-04-02 08:11:32.787
409906563,1.00020000,23.00000000,23.00460000,1775117492871,False,True,USDCUSDT,2026-04-02 08:11:32.871
409906564,1.00010000,28.00000000,28.00280000,1775117492887,True,True,USDCUSDT,2026-04-02 08:11:32.887
409906565,1.00010000,307.00000000,307.03070000,1775117492968,True,True,USDCUSDT,2026-04-02 08:11:32.968
409906566,1.00010000,316.00000000,316.03160000,1775117493669,True,True,USDCUSDT,2026-04-02 08:11:33.669
409906567,1.00010000,28.00000000,28.00280000,1775117494037,True,True,USDCUSDT,2026-04-02 08:11:34.037
409906568,1.00020000,60348.00000000,60360.06960000,1775117494103,False,True,USDCUSDT,2026-04-02 08:11:34.103
409906569,1.00020000,19655.00000000,19658.93100000,1775117494103,False,True,USDCUSDT,2026-04-02 08:11:34.103
409906570,1.00010000,28.00000000,28.00280000,1775117494154,True,True,USDCUSDT,2026-04-02 08:11:34.154
409906571,1.00020000,14.00000000,14.00280000,1775117495076,False,True,USDCUSDT,2026-04-02 08:11:35.076
409906572,1.00010000,11532.00000000,11533.15320000,1775117495532,True,True,USDCUSDT,2026-04-02 08:11:35.532
409906573,1.00010000,26.00000000,26.00260000,1775117496138,True,True,USDCUSDT,2026-04-02 08:11:36.138
409906574,1.00010000,1756.00000000,1756.17560000,1775117496236,True,True,USDCUSDT,2026-04-02 08:11:36.236
409906575,1.00010000,475.00000000,475.04750000,1775117496268,True,True,USDCUSDT,2026-04-02 08:11:36.268
409906576,1.00020000,15.00000000,15.00300000,1775117496317,False,True,USDCUSDT,2026-04-02 08:11:36.317
409906577,1.00010000,1039.00000000,1039.10390000,1775117496397,True,True,USDCUSDT,2026-04-02 08:11:36.397
409906578,1.00010000,979.00000000,979.09790000,1775117496402,True,True,USDCUSDT,2026-04-02 08:11:36.402
409906579,1.00010000,284.00000000,284.02840000,1775117496473,True,True,USDCUSDT,2026-04-02 08:11:36.473
409906580,1.00010000,97.00000000,97.00970000,1775117496535,True,True,USDCUSDT,2026-04-02 08:11:36.535
409906581,1.00020000,56.00000000,56.01120000,1775117496617,False,True,USDCUSDT,2026-04-02 08:11:36.617
409906582,1.00010000,28.00000000,28.00280000,1775117496737,True,True,USDCUSDT,2026-04-02 08:11:36.737
409906583,1.00020000,49.00000000,49.00980000,1775117496976,False,True,USDCUSDT,2026-04-02 08:11:36.976
409906584,1.00020000,11.00000000,11.00220000,1775117497070,False,True,USDCUSDT,2026-04-02 08:11:37.070
409906585,1.00020000,390.00000000,390.07800000,1775117497071,False,True,USDCUSDT,2026-04-02 08:11:37.071
409906586,1.00020000,335.00000000,335.06700000,1775117497071,False,True,USDCUSDT,2026-04-02 08:11:37.071
409906587,1.00020000,5974.00000000,5975.19480000,1775117497071,False,True,USDCUSDT,2026-04-02 08:11:37.071
409906588,1.00020000,35258.00000000,35265.05160000,1775117497137,False,True,USDCUSDT,2026-04-02 08:11:37.137
409906589,1.00020000,30.00000000,30.00600000,1775117497359,False,True,USDCUSDT,2026-04-02 08:11:37.359
409906590,1.00020000,299.00000000,299.05980000,1775117497444,False,True,USDCUSDT,2026-04-02 08:11:37.444
409906591,1.00020000,9.00000000,9.00180000,1775117498024,False,True,USDCUSDT,2026-04-02 08:11:38.024
409906592,1.00020000,9.00000000,9.00180000,1775117498069,False,True,USDCUSDT,2026-04-02 08:11:38.069
409906593,1.00010000,27.00000000,27.00270000,1775117499117,True,True,USDCUSDT,2026-04-02 08:11:39.117
409906594,1.00020000,108.00000000,108.02160000,1775117499304,False,True,USDCUSDT,2026-04-02 08:11:39.304
409906595,1.00010000,443.00000000,443.04430000,1775117499381,True,True,USDCUSDT,2026-04-02 08:11:39.381
409906596,1.00020000,200.00000000,200.04000000,1775117499476,False,True,USDCUSDT,2026-04-02 08:11:39.476
409906597,1.00010000,28.00000000,28.00280000,1775117499608,True,True,USDCUSDT,2026-04-02 08:11:39.608
409906598,1.00010000,28.00000000,28.00280000,1775117499723,True,True,USDCUSDT,2026-04-02 08:11:39.723
409906599,1.00020000,265.00000000,265.05300000,1775117499812,False,True,USDCUSDT,2026-04-02 08:11:39.812
409906600,1.00010000,75.00000000,75.00750000,1775117500183,True,True,USDCUSDT,2026-04-02 08:11:40.183
409906601,1.00020000,635.00000000,635.12700000,1775117500193,False,True,USDCUSDT,2026-04-02 08:11:40.193
409906602,1.00010000,66.00000000,66.00660000,1775117500358,True,True,USDCUSDT,2026-04-02 08:11:40.358
409906603,1.00010000,29.00000000,29.00290000,1775117500422,True,True,USDCUSDT,2026-04-02 08:11:40.422
409906604,1.00010000,26.00000000,26.00260000,1775117500438,True,True,USDCUSDT,2026-04-02 08:11:40.438
409906605,1.00020000,9.00000000,9.00180000,1775117500451,False,True,USDCUSDT,2026-04-02 08:11:40.451
409906606,1.00010000,26.00000000,26.00260000,1775117500687,True,True,USDCUSDT,2026-04-02 08:11:40.687
409906607,1.00020000,101.00000000,101.02020000,1775117500776,False,True,USDCUSDT,2026-04-02 08:11:40.776
409906608,1.00010000,1700.00000000,1700.17000000,1775117500907,True,True,USDCUSDT,2026-04-02 08:11:40.907
409906609,1.00010000,27.00000000,27.00270000,1775117501073,True,True,USDCUSDT,2026-04-02 08:11:41.073
409906610,1.00010000,27.00000000,27.00270000,1775117501173,True,True,USDCUSDT,2026-04-02 08:11:41.173
409906611,1.00020000,11.00000000,11.00220000,1775117501309,False,True,USDCUSDT,2026-04-02 08:11:41.309
409906612,1.00010000,27.00000000,27.00270000,1775117501569,True,True,USDCUSDT,2026-04-02 08:11:41.569
409906613,1.00010000,517.00000000,517.05170000,1775117501850,True,True,USDCUSDT,2026-04-02 08:11:41.850
409906614,1.00010000,29.00000000,29.00290000,1775117502329,True,True,USDCUSDT,2026-04-02 08:11:42.329
409906615,1.00010000,27.00000000,27.00270000,1775117502426,True,True,USDCUSDT,2026-04-02 08:11:42.426
409906616,1.00010000,28.00000000,28.00280000,1775117502722,True,True,USDCUSDT,2026-04-02 08:11:42.722
409906617,1.00020000,270.00000000,270.05400000,1775117502902,False,True,USDCUSDT,2026-04-02 08:11:42.902
409906618,1.00020000,10.00000000,10.00200000,1775117503333,False,True,USDCUSDT,2026-04-02 08:11:43.333
409906619,1.00010000,27.00000000,27.00270000,1775117503393,True,True,USDCUSDT,2026-04-02 08:11:43.393
409906620,1.00010000,28.00000000,28.00280000,1775117503428,True,True,USDCUSDT,2026-04-02 08:11:43.428
409906621,1.00010000,142.00000000,142.01420000,1775117503869,True,True,USDCUSDT,2026-04-02 08:11:43.869
409906622,1.00010000,27.00000000,27.00270000,1775117503968,True,True,USDCUSDT,2026-04-02 08:11:43.968
409906623,1.00010000,27.00000000,27.00270000,1775117504780,True,True,USDCUSDT,2026-04-02 08:11:44.780
409906624,1.00020000,9.00000000,9.00180000,1775117505076,False,True,USDCUSDT,2026-04-02 08:11:45.076
409906625,1.00010000,27.00000000,27.00270000,1775117505088,True,True,USDCUSDT,2026-04-02 08:11:45.088
409906626,1.00020000,9.00000000,9.00180000,1775117505117,False,True,USDCUSDT,2026-04-02 08:11:45.117
409906627,1.00010000,26.00000000,26.00260000,1775117505176,True,True,USDCUSDT,2026-04-02 08:11:45.176
409906628,1.00010000,27.00000000,27.00270000,1775117505545,True,True,USDCUSDT,2026-04-02 08:11:45.545
409906629,1.00020000,64.00000000,64.01280000,1775117505805,False,True,USDCUSDT,2026-04-02 08:11:45.805
409906630,1.00010000,29.00000000,29.00290000,1775117506266,True,True,USDCUSDT,2026-04-02 08:11:46.266
409906631,1.00020000,40.00000000,40.00800000,1775117506393,False,True,USDCUSDT,2026-04-02 08:11:46.393
409906632,1.00020000,255.00000000,255.05100000,1775117507009,False,True,USDCUSDT,2026-04-02 08:11:47.009
409906633,1.00020000,9.00000000,9.00180000,1775117507068,False,True,USDCUSDT,2026-04-02 08:11:47.068
409906634,1.00020000,369.00000000,369.07380000,1775117507270,False,True,USDCUSDT,2026-04-02 08:11:47.270
409906635,1.00010000,5.00000000,5.00050000,1775117507483,True,True,USDCUSDT,2026-04-02 08:11:47.483
409906636,1.00010000,26.00000000,26.00260000,1775117507774,True,True,USDCUSDT,2026-04-02 08:11:47.774
409906637,1.00020000,41.00000000,41.00820000,1775117507779,False,True,USDCUSDT,2026-04-02 08:11:47.779
409906638,1.00020000,75.00000000,75.01500000,1775117507781,False,True,USDCUSDT,2026-04-02 08:11:47.781
409906639,1.00020000,41.00000000,41.00820000,1775117507782,False,True,USDCUSDT,2026-04-02 08:11:47.782
409906640,1.00020000,29.00000000,29.00580000,1775117508259,False,True,USDCUSDT,2026-04-02 08:11:48.259
409906641,1.00020000,27.00000000,27.00540000,1775117508620,False,True,USDCUSDT,2026-04-02 08:11:48.620
409906642,1.00010000,27.00000000,27.00270000,1775117508878,True,True,USDCUSDT,2026-04-02 08:11:48.878
409906643,1.00020000,216.00000000,216.04320000,1775117508919,False,True,USDCUSDT,2026-04-02 08:11:48.919
409906644,1.00020000,324.00000000,324.06480000,1775117509078,False,True,USDCUSDT,2026-04-02 08:11:49.078
409906645,1.00020000,133.00000000,133.02660000,1775117509130,False,True,USDCUSDT,2026-04-02 08:11:49.130
409906646,1.00020000,73.00000000,73.01460000,1775117509143,False,True,USDCUSDT,2026-04-02 08:11:49.143
409906647,1.00010000,122.00000000,122.01220000,1775117509433,True,True,USDCUSDT,2026-04-02 08:11:49.433
409906648,1.00020000,163.00000000,163.03260000,1775117509947,False,True,USDCUSDT,2026-04-02 08:11:49.947
409906649,1.00010000,19.00000000,19.00190000,1775117510071,True,True,USDCUSDT,2026-04-02 08:11:50.071
409906650,1.00020000,86.00000000,86.01720000,1775117510418,False,True,USDCUSDT,2026-04-02 08:11:50.418
409906651,1.00020000,254.00000000,254.05080000,1775117510608,False,True,USDCUSDT,2026-04-02 08:11:50.608
409906652,1.00010000,26.00000000,26.00260000,1775117511046,True,True,USDCUSDT,2026-04-02 08:11:51.046
409906653,1.00010000,27.00000000,27.00270000,1775117511070,True,True,USDCUSDT,2026-04-02 08:11:51.070
409906654,1.00020000,944.00000000,944.18880000,1775117511188,False,True,USDCUSDT,2026-04-02 08:11:51.188
409906655,1.00010000,26.00000000,26.00260000,1775117511645,True,True,USDCUSDT,2026-04-02 08:11:51.645
409906656,1.00020000,44.00000000,44.00880000,1775117511853,False,True,USDCUSDT,2026-04-02 08:11:51.853
409906657,1.00010000,27.00000000,27.00270000,1775117511938,True,True,USDCUSDT,2026-04-02 08:11:51.938
409906658,1.00020000,32.00000000,32.00640000,1775117512150,False,True,USDCUSDT,2026-04-02 08:11:52.150
409906659,1.00020000,32.00000000,32.00640000,1775117512151,False,True,USDCUSDT,2026-04-02 08:11:52.151
409906660,1.00010000,299.00000000,299.02990000,1775117513596,True,True,USDCUSDT,2026-04-02 08:11:53.596
409906661,1.00010000,29.00000000,29.00290000,1775117513689,True,True,USDCUSDT,2026-04-02 08:11:53.689
409906662,1.00010000,28.00000000,28.00280000,1775117513714,True,True,USDCUSDT,2026-04-02 08:11:53.714
409906663,1.00020000,226.00000000,226.04520000,1775117513789,False,True,USDCUSDT,2026-04-02 08:11:53.789
409906664,1.00010000,27.00000000,27.00270000,1775117514272,True,True,USDCUSDT,2026-04-02 08:11:54.272
409906665,1.00010000,27.00000000,27.00270000,1775117514303,True,True,USDCUSDT,2026-04-02 08:11:54.303
409906666,1.00010000,28.00000000,28.00280000,1775117514746,True,True,USDCUSDT,2026-04-02 08:11:54.746
409906667,1.00010000,511.00000000,511.05110000,1775117515858,True,True,USDCUSDT,2026-04-02 08:11:55.858
409906668,1.00010000,731.00000000,731.07310000,1775117515865,True,True,USDCUSDT,2026-04-02 08:11:55.865
409906669,1.00010000,250.00000000,250.02500000,1775117515867,True,True,USDCUSDT,2026-04-02 08:11:55.867
409906670,1.00010000,26.00000000,26.00260000,1775117515947,True,True,USDCUSDT,2026-04-02 08:11:55.947
409906671,1.00020000,20.00000000,20.00400000,1775117516448,False,True,USDCUSDT,2026-04-02 08:11:56.448
409906672,1.00010000,49.00000000,49.00490000,1775117516647,True,True,USDCUSDT,2026-04-02 08:11:56.647
409906673,1.00010000,27.00000000,27.00270000,1775117516970,True,True,USDCUSDT,2026-04-02 08:11:56.970
409906674,1.00020000,22.00000000,22.00440000,1775117517342,False,True,USDCUSDT,2026-04-02 08:11:57.342
409906675,1.00020000,120.00000000,120.02400000,1775117517589,False,True,USDCUSDT,2026-04-02 08:11:57.589
409906676,1.00010000,14.00000000,14.00140000,1775117517640,True,True,USDCUSDT,2026-04-02 08:11:57.640
409906677,1.00010000,510.00000000,510.05100000,1775117518352,True,True,USDCUSDT,2026-04-02 08:11:58.352
409906678,1.00020000,54.00000000,54.01080000,1775117518611,False,True,USDCUSDT,2026-04-02 08:11:58.611
409906679,1.00020000,11.00000000,11.00220000,1775117518619,False,True,USDCUSDT,2026-04-02 08:11:58.619
409906680,1.00020000,172.00000000,172.03440000,1775117518625,False,True,USDCUSDT,2026-04-02 08:11:58.625
409906681,1.00010000,947.00000000,947.09470000,1775117518685,True,True,USDCUSDT,2026-04-02 08:11:58.685
409906682,1.00010000,47.00000000,47.00470000,1775117518747,True,True,USDCUSDT,2026-04-02 08:11:58.747
409906683,1.00010000,2000.00000000,2000.20000000,1775117518874,True,True,USDCUSDT,2026-04-02 08:11:58.874
409906684,1.00010000,118.00000000,118.01180000,1775117519203,True,True,USDCUSDT,2026-04-02 08:11:59.203
409906685,1.00010000,50.00000000,50.00500000,1775117519836,True,True,USDCUSDT,2026-04-02 08:11:59.836
409906686,1.00020000,84.00000000,84.01680000,1775117520088,False,True,USDCUSDT,2026-04-02 08:12:00.088
409906687,1.00010000,311.00000000,311.03110000,1775117520162,True,True,USDCUSDT,2026-04-02 08:12:00.162
409906688,1.00010000,61.00000000,61.00610000,1775117520240,True,True,USDCUSDT,2026-04-02 08:12:00.240
409906689,1.00010000,1438.00000000,1438.14380000,1775117520439,True,True,USDCUSDT,2026-04-02 08:12:00.439
409906690,1.00020000,67.00000000,67.01340000,1775117520664,False,True,USDCUSDT,2026-04-02 08:12:00.664
409906691,1.00010000,28.00000000,28.00280000,1775117520787,True,True,USDCUSDT,2026-04-02 08:12:00.787
409906692,1.00010000,28.00000000,28.00280000,1775117521012,True,True,USDCUSDT,2026-04-02 08:12:01.012
409906693,1.00010000,27.00000000,27.00270000,1775117521188,True,True,USDCUSDT,2026-04-02 08:12:01.188
409906694,1.00020000,529.00000000,529.10580000,1775117521338,False,True,USDCUSDT,2026-04-02 08:12:01.338
409906695,1.00010000,28.00000000,28.00280000,1775117521596,True,True,USDCUSDT,2026-04-02 08:12:01.596
409906696,1.00010000,360.00000000,360.03600000,1775117521911,True,True,USDCUSDT,2026-04-02 08:12:01.911
409906697,1.00020000,46.00000000,46.00920000,1775117522126,False,True,USDCUSDT,2026-04-02 08:12:02.126
409906698,1.00010000,28.00000000,28.00280000,1775117522664,True,True,USDCUSDT,2026-04-02 08:12:02.664
409906699,1.00010000,26.00000000,26.00260000,1775117523275,True,True,USDCUSDT,2026-04-02 08:12:03.275
409906700,1.00010000,172.00000000,172.01720000,1775117523326,True,True,USDCUSDT,2026-04-02 08:12:03.326
409906701,1.00010000,4942.00000000,4942.49420000,1775117523410,True,True,USDCUSDT,2026-04-02 08:12:03.410
409906702,1.00020000,1499.00000000,1499.29980000,1775117523657,False,True,USDCUSDT,2026-04-02 08:12:03.657
409906703,1.00010000,26.00000000,26.00260000,1775117523776,True,True,USDCUSDT,2026-04-02 08:12:03.776
409906704,1.00010000,26.00000000,26.00260000,1775117524034,True,True,USDCUSDT,2026-04-02 08:12:04.034
409906705,1.00020000,47554.00000000,47563.51080000,1775117524138,False,True,USDCUSDT,2026-04-02 08:12:04.138
409906706,1.00010000,28.00000000,28.00280000,1775117524561,True,True,USDCUSDT,2026-04-02 08:12:04.561
409906707,1.00010000,9.00000000,9.00090000,1775117525073,True,True,USDCUSDT,2026-04-02 08:12:05.073
409906708,1.00010000,28.00000000,28.00280000,1775117525085,True,True,USDCUSDT,2026-04-02 08:12:05.085
409906709,1.00010000,17.00000000,17.00170000,1775117525798,True,True,USDCUSDT,2026-04-02 08:12:05.798
409906710,1.00020000,204.00000000,204.04080000,1775117526125,False,True,USDCUSDT,2026-04-02 08:12:06.125
409906711,1.00020000,1122.00000000,1122.22440000,1775117526138,False,True,USDCUSDT,2026-04-02 08:12:06.138
409906712,1.00010000,47.00000000,47.00470000,1775117526300,True,True,USDCUSDT,2026-04-02 08:12:06.300
409906713,1.00020000,15.00000000,15.00300000,1775117526875,False,True,USDCUSDT,2026-04-02 08:12:06.875
409906714,1.00010000,410.00000000,410.04100000,1775117526897,True,True,USDCUSDT,2026-04-02 08:12:06.897
409906715,1.00020000,1880.00000000,1880.37600000,1775117526987,False,True,USDCUSDT,2026-04-02 08:12:06.987
409906716,1.00020000,22637.00000000,22641.52740000,1775117527137,False,True,USDCUSDT,2026-04-02 08:12:07.137
409906717,1.00020000,29.00000000,29.00580000,1775117527279,False,True,USDCUSDT,2026-04-02 08:12:07.279
409906718,1.00010000,28.00000000,28.00280000,1775117527567,True,True,USDCUSDT,2026-04-02 08:12:07.567
409906719,1.00010000,27.00000000,27.00270000,1775117527770,True,True,USDCUSDT,2026-04-02 08:12:07.770
409906720,1.00010000,86.00000000,86.00860000,1775117527941,True,True,USDCUSDT,2026-04-02 08:12:07.941
409906721,1.00020000,60.00000000,60.01200000,1775117527964,False,True,USDCUSDT,2026-04-02 08:12:07.964
409906722,1.00020000,291.00000000,291.05820000,1775117528270,False,True,USDCUSDT,2026-04-02 08:12:08.270
409906723,1.00020000,328.00000000,328.06560000,1775117528271,False,True,USDCUSDT,2026-04-02 08:12:08.271
409906724,1.00020000,316.00000000,316.06320000,1775117528406,False,True,USDCUSDT,2026-04-02 08:12:08.406
409906725,1.00020000,10.00000000,10.00200000,1775117528620,False,True,USDCUSDT,2026-04-02 08:12:08.620
409906726,1.00010000,30427.00000000,30430.04270000,1775117528952,True,True,USDCUSDT,2026-04-02 08:12:08.952
409906727,1.00010000,76340.00000000,76347.63400000,1775117528952,True,True,USDCUSDT,2026-04-02 08:12:08.952
409906728,1.00010000,43233.00000000,43237.32330000,1775117528952,True,True,USDCUSDT,2026-04-02 08:12:08.952
409906729,1.00010000,13.00000000,13.00130000,1775117529303,True,True,USDCUSDT,2026-04-02 08:12:09.303
409906730,1.00010000,27.00000000,27.00270000,1775117529417,True,True,USDCUSDT,2026-04-02 08:12:09.417
409906731,1.00010000,24.00000000,24.00240000,1775117529538,True,True,USDCUSDT,2026-04-02 08:12:09.538
409906732,1.00010000,22.00000000,22.00220000,1775117529572,True,True,USDCUSDT,2026-04-02 08:12:09.572
409906733,1.00010000,60.00000000,60.00600000,1775117529764,True,True,USDCUSDT,2026-04-02 08:12:09.764
409906734,1.00010000,20.00000000,20.00200000,1775117530098,True,True,USDCUSDT,2026-04-02 08:12:10.098
409906735,1.00020000,82.00000000,82.01640000,1775117530371,False,True,USDCUSDT,2026-04-02 08:12:10.371
409906736,1.00010000,29.00000000,29.00290000,1775117530938,True,True,USDCUSDT,2026-04-02 08:12:10.938
409906737,1.00010000,28.00000000,28.00280000,1775117531569,True,True,USDCUSDT,2026-04-02 08:12:11.569
409906738,1.00010000,22.00000000,22.00220000,1775117531677,True,True,USDCUSDT,2026-04-02 08:12:11.677
409906739,1.00020000,60.00000000,60.01200000,1775117532115,False,True,USDCUSDT,2026-04-02 08:12:12.115
409906740,1.00010000,1156.00000000,1156.11560000,1775117532344,True,True,USDCUSDT,2026-04-02 08:12:12.344
409906741,1.00010000,27.00000000,27.00270000,1775117532503,True,True,USDCUSDT,2026-04-02 08:12:12.503
409906742,1.00020000,29.00000000,29.00580000,1775117532539,False,True,USDCUSDT,2026-04-02 08:12:12.539
409906743,1.00010000,28.00000000,28.00280000,1775117532735,True,True,USDCUSDT,2026-04-02 08:12:12.735
409906744,1.00010000,220.00000000,220.02200000,1775117533024,True,True,USDCUSDT,2026-04-02 08:12:13.024
409906745,1.00020000,9.00000000,9.00180000,1775117533056,False,True,USDCUSDT,2026-04-02 08:12:13.056
409906746,1.00020000,6.00000000,6.00120000,1775117533057,False,True,USDCUSDT,2026-04-02 08:12:13.057
409906747,1.00010000,62.00000000,62.00620000,1775117533140,True,True,USDCUSDT,2026-04-02 08:12:13.140
409906748,1.00010000,44.00000000,44.00440000,1775117533147,True,True,USDCUSDT,2026-04-02 08:12:13.147
409906749,1.00020000,17.00000000,17.00340000,1775117533169,False,True,USDCUSDT,2026-04-02 08:12:13.169
409906750,1.00010000,820.00000000,820.08200000,1775117533284,True,True,USDCUSDT,2026-04-02 08:12:13.284
409906751,1.00020000,1334.00000000,1334.26680000,1775117533384,False,True,USDCUSDT,2026-04-02 08:12:13.384
409906752,1.00010000,26.00000000,26.00260000,1775117533870,True,True,USDCUSDT,2026-04-02 08:12:13.870
409906753,1.00010000,27.00000000,27.00270000,1775117533883,True,True,USDCUSDT,2026-04-02 08:12:13.883
409906754,1.00010000,100.00000000,100.01000000,1775117533933,True,True,USDCUSDT,2026-04-02 08:12:13.933
409906755,1.00010000,27.00000000,27.00270000,1775117534617,True,True,USDCUSDT,2026-04-02 08:12:14.617
409906756,1.00010000,7.00000000,7.00070000,1775117535337,True,True,USDCUSDT,2026-04-02 08:12:15.337
409906757,1.00020000,8.00000000,8.00160000,1775117536370,False,True,USDCUSDT,2026-04-02 08:12:16.370
409906758,1.00010000,518.00000000,518.05180000,1775117536568,True,True,USDCUSDT,2026-04-02 08:12:16.568
409906759,1.00020000,8.00000000,8.00160000,1775117537304,False,True,USDCUSDT,2026-04-02 08:12:17.304
409906760,1.00010000,114.00000000,114.01140000,1775117537815,True,True,USDCUSDT,2026-04-02 08:12:17.815
409906761,1.00020000,1225.00000000,1225.24500000,1775117538098,False,True,USDCUSDT,2026-04-02 08:12:18.098
409906762,1.00010000,300.00000000,300.03000000,1775117539247,True,True,USDCUSDT,2026-04-02 08:12:19.247
409906763,1.00010000,29.00000000,29.00290000,1775117539518,True,True,USDCUSDT,2026-04-02 08:12:19.518
409906764,1.00010000,35.00000000,35.00350000,1775117539617,True,True,USDCUSDT,2026-04-02 08:12:19.617
409906765,1.00020000,8.00000000,8.00160000,1775117539621,False,True,USDCUSDT,2026-04-02 08:12:19.621
409906766,1.00010000,27.00000000,27.00270000,1775117539702,True,True,USDCUSDT,2026-04-02 08:12:19.702
409906767,1.00010000,38.00000000,38.00380000,1775117539845,True,True,USDCUSDT,2026-04-02 08:12:19.845
409906768,1.00010000,28.00000000,28.00280000,1775117539943,True,True,USDCUSDT,2026-04-02 08:12:19.943
409906769,1.00010000,231.00000000,231.02310000,1775117539971,True,True,USDCUSDT,2026-04-02 08:12:19.971
409906770,1.00010000,28.00000000,28.00280000,1775117540163,True,True,USDCUSDT,2026-04-02 08:12:20.163
409906771,1.00020000,20.00000000,20.00400000,1775117540309,False,True,USDCUSDT,2026-04-02 08:12:20.309
409906772,1.00010000,29.00000000,29.00290000,1775117540893,True,True,USDCUSDT,2026-04-02 08:12:20.893
409906773,1.00020000,499.00000000,499.09980000,1775117540893,False,True,USDCUSDT,2026-04-02 08:12:20.893
409906774,1.00020000,10.00000000,10.00200000,1775117540893,False,True,USDCUSDT,2026-04-02 08:12:20.893
409906775,1.00020000,8.00000000,8.00160000,1775117540894,False,True,USDCUSDT,2026-04-02 08:12:20.894
409906776,1.00010000,31.00000000,31.00310000,1775117540894,True,True,USDCUSDT,2026-04-02 08:12:20.894
409906777,1.00010000,70.00000000,70.00700000,1775117541533,True,True,USDCUSDT,2026-04-02 08:12:21.533
409906778,1.00020000,9.00000000,9.00180000,1775117541550,False,True,USDCUSDT,2026-04-02 08:12:21.550
409906779,1.00020000,40.00000000,40.00800000,1775117541559,False,True,USDCUSDT,2026-04-02 08:12:21.559
409906780,1.00010000,977.00000000,977.09770000,1775117542032,True,True,USDCUSDT,2026-04-02 08:12:22.032
409906781,1.00010000,28.00000000,28.00280000,1775117542104,True,True,USDCUSDT,2026-04-02 08:12:22.104
409906782,1.00020000,99.00000000,99.01980000,1775117542389,False,True,USDCUSDT,2026-04-02 08:12:22.389
409906783,1.00020000,15.00000000,15.00300000,1775117542515,False,True,USDCUSDT,2026-04-02 08:12:22.515
409906784,1.00010000,226.00000000,226.02260000,1775117542894,True,True,USDCUSDT,2026-04-02 08:12:22.894
409906785,1.00010000,26.00000000,26.00260000,1775117543042,True,True,USDCUSDT,2026-04-02 08:12:23.042
409906786,1.00010000,9.00000000,9.00090000,1775117543139,True,True,USDCUSDT,2026-04-02 08:12:23.139
409906787,1.00010000,26.00000000,26.00260000,1775117543233,True,True,USDCUSDT,2026-04-02 08:12:23.233
409906788,1.00010000,28.00000000,28.00280000,1775117543317,True,True,USDCUSDT,2026-04-02 08:12:23.317
409906789,1.00010000,24.00000000,24.00240000,1775117543399,True,True,USDCUSDT,2026-04-02 08:12:23.399
409906790,1.00020000,28.00000000,28.00560000,1775117543445,False,True,USDCUSDT,2026-04-02 08:12:23.445
409906791,1.00010000,409.00000000,409.04090000,1775117543643,True,True,USDCUSDT,2026-04-02 08:12:23.643
409906792,1.00020000,455.00000000,455.09100000,1775117543729,False,True,USDCUSDT,2026-04-02 08:12:23.729
409906793,1.00010000,27.00000000,27.00270000,1775117543775,True,True,USDCUSDT,2026-04-02 08:12:23.775
409906794,1.00010000,26.00000000,26.00260000,1775117544339,True,True,USDCUSDT,2026-04-02 08:12:24.339
409906795,1.00010000,26.00000000,26.00260000,1775117545377,True,True,USDCUSDT,2026-04-02 08:12:25.377
409906796,1.00010000,27.00000000,27.00270000,1775117545637,True,True,USDCUSDT,2026-04-02 08:12:25.637
409906797,1.00010000,123.00000000,123.01230000,1775117546033,True,True,USDCUSDT,2026-04-02 08:12:26.033
409906798,1.00010000,100.00000000,100.01000000,1775117546488,True,True,USDCUSDT,2026-04-02 08:12:26.488
409906799,1.00020000,9.00000000,9.00180000,1775117546729,False,True,USDCUSDT,2026-04-02 08:12:26.729
409906800,1.00010000,27.00000000,27.00270000,1775117547053,True,True,USDCUSDT,2026-04-02 08:12:27.053
409906801,1.00010000,26.00000000,26.00260000,1775117547088,True,True,USDCUSDT,2026-04-02 08:12:27.088
409906802,1.00010000,701.00000000,701.07010000,1775117547111,True,True,USDCUSDT,2026-04-02 08:12:27.111
409906803,1.00010000,601.00000000,601.06010000,1775117547182,True,True,USDCUSDT,2026-04-02 08:12:27.182
409906804,1.00010000,7.00000000,7.00070000,1775117547460,True,True,USDCUSDT,2026-04-02 08:12:27.460
409906805,1.00020000,112.00000000,112.02240000,1775117547532,False,True,USDCUSDT,2026-04-02 08:12:27.532
409906806,1.00010000,27.00000000,27.00270000,1775117547773,True,True,USDCUSDT,2026-04-02 08:12:27.773
409906807,1.00010000,10.00000000,10.00100000,1775117548181,True,True,USDCUSDT,2026-04-02 08:12:28.181
409906808,1.00010000,9.00000000,9.00090000,1775117548514,True,True,USDCUSDT,2026-04-02 08:12:28.514
409906809,1.00020000,41632.00000000,41640.32640000,1775117548544,False,True,USDCUSDT,2026-04-02 08:12:28.544
409906810,1.00020000,92104.00000000,92122.42080000,1775117548544,False,True,USDCUSDT,2026-04-02 08:12:28.544
409906811,1.00020000,53.00000000,53.01060000,1775117548545,False,True,USDCUSDT,2026-04-02 08:12:28.545
409906812,1.00020000,87.00000000,87.01740000,1775117548585,False,True,USDCUSDT,2026-04-02 08:12:28.585
409906813,1.00020000,74.00000000,74.01480000,1775117548586,False,True,USDCUSDT,2026-04-02 08:12:28.586
409906814,1.00020000,35.00000000,35.00700000,1775117548589,False,True,USDCUSDT,2026-04-02 08:12:28.589
409906815,1.00020000,35.00000000,35.00700000,1775117548590,False,True,USDCUSDT,2026-04-02 08:12:28.590
409906816,1.00010000,28.00000000,28.00280000,1775117548654,True,True,USDCUSDT,2026-04-02 08:12:28.654
409906817,1.00010000,27.00000000,27.00270000,1775117548666,True,True,USDCUSDT,2026-04-02 08:12:28.666
409906818,1.00020000,191.00000000,191.03820000,1775117548874,False,True,USDCUSDT,2026-04-02 08:12:28.874
409906819,1.00010000,60.00000000,60.00600000,1775117549105,True,True,USDCUSDT,2026-04-02 08:12:29.105
409906820,1.00020000,41.00000000,41.00820000,1775117549158,False,True,USDCUSDT,2026-04-02 08:12:29.158
409906821,1.00020000,75.00000000,75.01500000,1775117549158,False,True,USDCUSDT,2026-04-02 08:12:29.158
409906822,1.00010000,308.00000000,308.03080000,1775117549169,True,True,USDCUSDT,2026-04-02 08:12:29.169
409906823,1.00010000,27.00000000,27.00270000,1775117549374,True,True,USDCUSDT,2026-04-02 08:12:29.374
409906824,1.00010000,27.00000000,27.00270000,1775117549574,True,True,USDCUSDT,2026-04-02 08:12:29.574
409906825,1.00010000,28.00000000,28.00280000,1775117549646,True,True,USDCUSDT,2026-04-02 08:12:29.646
409906826,1.00010000,27.00000000,27.00270000,1775117549674,True,True,USDCUSDT,2026-04-02 08:12:29.674
409906827,1.00010000,27.00000000,27.00270000,1775117549747,True,True,USDCUSDT,2026-04-02 08:12:29.747
409906828,1.00020000,10.00000000,10.00200000,1775117550069,False,True,USDCUSDT,2026-04-02 08:12:30.069
409906829,1.00010000,33.00000000,33.00330000,1775117550128,True,True,USDCUSDT,2026-04-02 08:12:30.128
409906830,1.00020000,11.00000000,11.00220000,1775117550190,False,True,USDCUSDT,2026-04-02 08:12:30.190
409906831,1.00020000,529.00000000,529.10580000,1775117550274,False,True,USDCUSDT,2026-04-02 08:12:30.274
409906832,1.00020000,8.00000000,8.00160000,1775117550620,False,True,USDCUSDT,2026-04-02 08:12:30.620
409906833,1.00020000,140.00000000,140.02800000,1775117550688,False,True,USDCUSDT,2026-04-02 08:12:30.688
409906834,1.00010000,27.00000000,27.00270000,1775117550711,True,True,USDCUSDT,2026-04-02 08:12:30.711
409906835,1.00020000,60.00000000,60.01200000,1775117550742,False,True,USDCUSDT,2026-04-02 08:12:30.742
409906836,1.00010000,26.00000000,26.00260000,1775117550746,True,True,USDCUSDT,2026-04-02 08:12:30.746
409906837,1.00010000,27.00000000,27.00270000,1775117551117,True,True,USDCUSDT,2026-04-02 08:12:31.117
409906838,1.00020000,9.00000000,9.00180000,1775117551441,False,True,USDCUSDT,2026-04-02 08:12:31.441
409906839,1.00010000,26.00000000,26.00260000,1775117551617,True,True,USDCUSDT,2026-04-02 08:12:31.617
409906840,1.00020000,3337.00000000,3337.66740000,1775117551788,False,True,USDCUSDT,2026-04-02 08:12:31.788
409906841,1.00010000,109.00000000,109.01090000,1775117551953,True,True,USDCUSDT,2026-04-02 08:12:31.953
409906842,1.00010000,1334.00000000,1334.13340000,1775117552342,True,True,USDCUSDT,2026-04-02 08:12:32.342
409906843,1.00020000,17.00000000,17.00340000,1775117552364,False,True,USDCUSDT,2026-04-02 08:12:32.364
409906844,1.00010000,26.00000000,26.00260000,1775117552373,True,True,USDCUSDT,2026-04-02 08:12:32.373
409906845,1.00010000,60.00000000,60.00600000,1775117552396,True,True,USDCUSDT,2026-04-02 08:12:32.396
409906846,1.00020000,337.00000000,337.06740000,1775117552846,False,True,USDCUSDT,2026-04-02 08:12:32.846
409906847,1.00010000,191.00000000,191.01910000,1775117553076,True,True,USDCUSDT,2026-04-02 08:12:33.076
409906848,1.00020000,6.00000000,6.00120000,1775117553348,False,True,USDCUSDT,2026-04-02 08:12:33.348
409906849,1.00020000,34.00000000,34.00680000,1775117553811,False,True,USDCUSDT,2026-04-02 08:12:33.811
409906850,1.00020000,8.00000000,8.00160000,1775117554381,False,True,USDCUSDT,2026-04-02 08:12:34.381
409906851,1.00020000,22.00000000,22.00440000,1775117554613,False,True,USDCUSDT,2026-04-02 08:12:34.613
409906852,1.00010000,37.00000000,37.00370000,1775117554705,True,True,USDCUSDT,2026-04-02 08:12:34.705
409906853,1.00010000,9.00000000,9.00090000,1775117554747,True,True,USDCUSDT,2026-04-02 08:12:34.747
409906854,1.00020000,12.00000000,12.00240000,1775117554859,False,True,USDCUSDT,2026-04-02 08:12:34.859
409906855,1.00010000,27.00000000,27.00270000,1775117554872,True,True,USDCUSDT,2026-04-02 08:12:34.872
409906856,1.00020000,57.00000000,57.01140000,1775117555002,False,True,USDCUSDT,2026-04-02 08:12:35.002
409906857,1.00010000,28.00000000,28.00280000,1775117555009,True,True,USDCUSDT,2026-04-02 08:12:35.009
409906858,1.00010000,27.00000000,27.00270000,1775117555282,True,True,USDCUSDT,2026-04-02 08:12:35.282
6178274755,66746.52000000,0.00008000,5.33972160,1775117533914,True,True,BTCUSDT,2026-04-02 08:12:13.914
6178274756,66746.52000000,0.00015000,10.01197800,1775117533914,True,True,BTCUSDT,2026-04-02 08:12:13.914
6178274757,66746.52000000,0.00008000,5.33972160,1775117533914,True,True,BTCUSDT,2026-04-02 08:12:13.914
6178274758,66746.52000000,0.00008000,5.33972160,1775117533914,True,True,BTCUSDT,2026-04-02 08:12:13.914
6178274759,66746.52000000,0.00008000,5.33972160,1775117533914,True,True,BTCUSDT,2026-04-02 08:12:13.914
6178274760,66746.52000000,0.00008000,5.33972160,1775117533914,True,True,BTCUSDT,2026-04-02 08:12:13.914
6178274761,66746.52000000,0.04213000,2812.03088760,1775117533914,True,True,BTCUSDT,2026-04-02 08:12:13.914
6178274762,66746.52000000,0.00008000,5.33972160,1775117533914,True,True,BTCUSDT,2026-04-02 08:12:13.914
6178274763,66746.52000000,0.00008000,5.33972160,1775117533914,True,True,BTCUSDT,2026-04-02 08:12:13.914
6178274764,66746.52000000,0.00008000,5.33972160,1775117533914,True,True,BTCUSDT,2026-04-02 08:12:13.914
6178274765,66746.51000000,0.00008000,5.33972080,1775117533914,True,True,BTCUSDT,2026-04-02 08:12:13.914
6178274766,66746.51000000,0.00008000,5.33972080,1775117533914,True,True,BTCUSDT,2026-04-02 08:12:13.914
6178274767,66746.51000000,0.00008000,5.33972080,1775117533914,True,True,BTCUSDT,2026-04-02 08:12:13.914
6178274768,66746.51000000,0.00008000,5.33972080,1775117533914,True,True,BTCUSDT,2026-04-02 08:12:13.914
6178274769,66746.46000000,0.00009000,6.00718140,1775117533914,True,True,BTCUSDT,2026-04-02 08:12:13.914
6178274770,66746.01000000,0.00400000,266.98404000,1775117533914,True,True,BTCUSDT,2026-04-02 08:12:13.914
6178274771,66746.00000000,0.00040000,26.69840000,1775117533914,True,True,BTCUSDT,2026-04-02 08:12:13.914
6178274772,66746.00000000,0.00040000,26.69840000,1775117533914,True,True,BTCUSDT,2026-04-02 08:12:13.914
6178274773,66746.00000000,0.00040000,26.69840000,1775117533914,True,True,BTCUSDT,2026-04-02 08:12:13.914
6178274774,66745.96000000,0.00008000,5.33967680,1775117533914,True,True,BTCUSDT,2026-04-02 08:12:13.914
6178274775,66745.96000000,0.00008000,5.33967680,1775117533914,True,True,BTCUSDT,2026-04-02 08:12:13.914
6178274776,66745.82000000,0.00058000,38.71257560,1775117533914,True,True,BTCUSDT,2026-04-02 08:12:13.914
6178274777,66745.61000000,0.00011000,7.34201710,1775117533914,True,True,BTCUSDT,2026-04-02 08:12:13.914
6178274778,66745.45000000,0.00008000,5.33963600,1775117533914,True,True,BTCUSDT,2026-04-02 08:12:13.914
6178274779,66745.45000000,0.00008000,5.33963600,1775117533914,True,True,BTCUSDT,2026-04-02 08:12:13.914
6178274780,66745.45000000,0.00008000,5.33963600,1775117533914,True,True,BTCUSDT,2026-04-02 08:12:13.914
6178274781,66745.45000000,0.00008000,5.33963600,1775117533914,True,True,BTCUSDT,2026-04-02 08:12:13.914
6178274782,66745.44000000,0.10000000,6674.54400000,1775117533914,True,True,BTCUSDT,2026-04-02 08:12:13.914
6178274783,66745.44000000,0.00008000,5.33963520,1775117533914,True,True,BTCUSDT,2026-04-02 08:12:13.914
6178274784,66745.44000000,0.00008000,5.33963520,1775117533914,True,True,BTCUSDT,2026-04-02 08:12:13.914
6178274785,66745.44000000,0.00008000,5.33963520,1775117533914,True,True,BTCUSDT,2026-04-02 08:12:13.914
6178274786,66745.44000000,0.00008000,5.33963520,1775117533914,True,True,BTCUSDT,2026-04-02 08:12:13.914
6178274787,66745.44000000,0.00008000,5.33963520,1775117533914,True,True,BTCUSDT,2026-04-02 08:12:13.914
6178274788,66745.44000000,0.00008000,5.33963520,1775117533914,True,True,BTCUSDT,2026-04-02 08:12:13.914
6178274789,66745.44000000,0.00008000,5.33963520,1775117533914,True,True,BTCUSDT,2026-04-02 08:12:13.914
6178274790,66745.44000000,0.00008000,5.33963520,1775117533914,True,True,BTCUSDT,2026-04-02 08:12:13.914
6178274791,66745.44000000,0.00008000,5.33963520,1775117533914,True,True,BTCUSDT,2026-04-02 08:12:13.914
6178274792,66745.44000000,0.00008000,5.33963520,1775117533914,True,True,BTCUSDT,2026-04-02 08:12:13.914
6178274793,66745.44000000,0.00008000,5.33963520,1775117533914,True,True,BTCUSDT,2026-04-02 08:12:13.914
6178274794,66745.44000000,0.00008000,5.33963520,1775117533914,True,True,BTCUSDT,2026-04-02 08:12:13.914
6178274795,66745.21000000,0.00016000,10.67923360,1775117533914,True,True,BTCUSDT,2026-04-02 08:12:13.914
6178274796,66745.00000000,0.00014000,9.34430000,1775117533914,True,True,BTCUSDT,2026-04-02 08:12:13.914
6178274797,66744.30000000,0.00009000,6.00698700,1775117533914,True,True,BTCUSDT,2026-04-02 08:12:13.914
6178274798,66744.00000000,0.00040000,26.69760000,1775117533914,True,True,BTCUSDT,2026-04-02 08:12:13.914
6178274799,66744.00000000,0.00040000,26.69760000,1775117533914,True,True,BTCUSDT,2026-04-02 08:12:13.914
6178274800,66744.00000000,0.00040000,26.69760000,1775117533914,True,True,BTCUSDT,2026-04-02 08:12:13.914
6178274801,66743.19000000,0.00008000,5.33945520,1775117533914,True,True,BTCUSDT,2026-04-02 08:12:13.914
6178274802,66743.08000000,0.00140000,93.44031200,1775117533914,True,True,BTCUSDT,2026-04-02 08:12:13.914
6178274803,66743.01000000,0.00031000,20.69033310,1775117533914,True,True,BTCUSDT,2026-04-02 08:12:13.914
6178274804,66742.91000000,0.00120000,80.09149200,1775117533914,True,True,BTCUSDT,2026-04-02 08:12:13.914
6178274805,66742.64000000,0.00008000,5.33941120,1775117533914,True,True,BTCUSDT,2026-04-02 08:12:13.914
6178274806,66742.57000000,0.00300000,200.22771000,1775117533914,True,True,BTCUSDT,2026-04-02 08:12:13.914
6178274807,66742.55000000,0.00008000,5.33940400,1775117533914,True,True,BTCUSDT,2026-04-02 08:12:13.914
6178274808,66742.54000000,0.00533000,355.73773820,1775117533914,True,True,BTCUSDT,2026-04-02 08:12:13.914
6178274809,66742.41000000,0.00008000,5.33939280,1775117533914,True,True,BTCUSDT,2026-04-02 08:12:13.914
6178274810,66742.07000000,0.00011000,7.34162770,1775117533914,True,True,BTCUSDT,2026-04-02 08:12:13.914
6178274811,66742.00000000,0.00040000,26.69680000,1775117533914,True,True,BTCUSDT,2026-04-02 08:12:13.914
6178274812,66742.00000000,0.00040000,26.69680000,1775117533914,True,True,BTCUSDT,2026-04-02 08:12:13.914
6178274813,66742.00000000,0.00040000,26.69680000,1775117533914,True,True,BTCUSDT,2026-04-02 08:12:13.914
6178274814,66741.71000000,0.00009000,6.00675390,1775117533914,True,True,BTCUSDT,2026-04-02 08:12:13.914
6178274815,66741.40000000,0.00009000,6.00672600,1775117533914,True,True,BTCUSDT,2026-04-02 08:12:13.914
6178274816,66740.94000000,0.00047000,31.36824180,1775117533914,True,True,BTCUSDT,2026-04-02 08:12:13.914
6178274817,66740.81000000,0.00009000,6.00667290,1775117533914,True,True,BTCUSDT,2026-04-02 08:12:13.914
6178274818,66740.74000000,0.00010000,6.67407400,1775117533914,True,True,BTCUSDT,2026-04-02 08:12:13.914
6178274819,66740.62000000,0.00008000,5.33924960,1775117533914,True,True,BTCUSDT,2026-04-02 08:12:13.914
6178274820,66740.62000000,0.00008000,5.33924960,1775117533914,True,True,BTCUSDT,2026-04-02 08:12:13.914
6178274821,66740.62000000,0.00008000,5.33924960,1775117533914,True,True,BTCUSDT,2026-04-02 08:12:13.914
6178274822,66740.62000000,0.00008000,5.33924960,1775117533914,True,True,BTCUSDT,2026-04-02 08:12:13.914
6178274823,66740.62000000,0.00012000,8.00887440,1775117533914,True,True,BTCUSDT,2026-04-02 08:12:13.914
6178274824,66740.62000000,0.00012000,8.00887440,1775117533914,True,True,BTCUSDT,2026-04-02 08:12:13.914
6178274825,66740.62000000,0.00020000,13.34812400,1775117533914,True,True,BTCUSDT,2026-04-02 08:12:13.914
6178274826,66740.62000000,0.00009000,6.00665580,1775117533914,True,True,BTCUSDT,2026-04-02 08:12:13.914
6178274827,66740.62000000,0.00010000,6.67406200,1775117533914,True,True,BTCUSDT,2026-04-02 08:12:13.914
6178274828,66740.62000000,0.00014000,9.34368680,1775117533914,True,True,BTCUSDT,2026-04-02 08:12:13.914
6178274829,66740.62000000,0.00008000,5.33924960,1775117533914,True,True,BTCUSDT,2026-04-02 08:12:13.914
6178274830,66740.62000000,0.00024000,16.01774880,1775117533914,True,True,BTCUSDT,2026-04-02 08:12:13.914
6178274831,66740.62000000,0.00021000,14.01553020,1775117533914,True,True,BTCUSDT,2026-04-02 08:12:13.914
6178274832,66740.62000000,0.00012000,8.00887440,1775117533914,True,True,BTCUSDT,2026-04-02 08:12:13.914
6178274833,66740.62000000,0.00014000,9.34368680,1775117533914,True,True,BTCUSDT,2026-04-02 08:12:13.914
6178274834,66740.62000000,0.00008000,5.33924960,1775117533914,True,True,BTCUSDT,2026-04-02 08:12:13.914
6178274835,66740.52000000,0.00009000,6.00664680,1775117533914,True,True,BTCUSDT,2026-04-02 08:12:13.914
6178274836,66740.45000000,0.00016000,10.67847200,1775117533914,True,True,BTCUSDT,2026-04-02 08:12:13.914
6178274837,66740.40000000,0.00008000,5.33923200,1775117533914,True,True,BTCUSDT,2026-04-02 08:12:13.914
6178274838,66740.40000000,0.00008000,5.33923200,1775117533914,True,True,BTCUSDT,2026-04-02 08:12:13.914
6178274839,66740.40000000,0.00008000,5.33923200,1775117533914,True,True,BTCUSDT,2026-04-02 08:12:13.914
6178274840,66740.40000000,0.00008000,5.33923200,1775117533914,True,True,BTCUSDT,2026-04-02 08:12:13.914
6178274841,66740.39000000,0.02264000,1511.00242960,1775117533914,True,True,BTCUSDT,2026-04-02 08:12:13.914
6178274842,66740.11000000,0.00267000,178.19609370,1775117533914,True,True,BTCUSDT,2026-04-02 08:12:13.914
6178274843,66740.02000000,0.00400000,266.96008000,1775117533914,True,True,BTCUSDT,2026-04-02 08:12:13.914
6178274844,66740.00000000,0.00040000,26.69600000,1775117533914,True,True,BTCUSDT,2026-04-02 08:12:13.914
6178274845,66740.00000000,0.00013000,8.67620000,1775117533914,True,True,BTCUSDT,2026-04-02 08:12:13.914
6178274846,66740.00000000,0.00050000,33.37000000,1775117533914,True,True,BTCUSDT,2026-04-02 08:12:13.914
6178274847,66740.00000000,0.00040000,26.69600000,1775117533914,True,True,BTCUSDT,2026-04-02 08:12:13.914
6178274848,66740.00000000,0.00040000,26.69600000,1775117533914,True,True,BTCUSDT,2026-04-02 08:12:13.914
6178274849,66739.94000000,0.00599000,399.77224060,1775117533914,True,True,BTCUSDT,2026-04-02 08:12:13.914
6178274850,66739.86000000,0.00008000,5.33918880,1775117533914,True,True,BTCUSDT,2026-04-02 08:12:13.914
6178274851,66739.79000000,0.00012000,8.00877480,1775117533914,True,True,BTCUSDT,2026-04-02 08:12:13.914
6178274852,66739.17000000,0.08813000,5881.72305210,1775117533914,True,True,BTCUSDT,2026-04-02 08:12:13.914
6178274853,66739.17000000,0.01527000,1019.10712590,1775117533914,True,True,BTCUSDT,2026-04-02 08:12:13.914
6178274854,66739.16000000,0.10101000,6741.32255160,1775117533914,True,True,BTCUSDT,2026-04-02 08:12:13.914
6178274855,66739.14000000,0.05000000,3336.95700000,1775117533914,True,True,BTCUSDT,2026-04-02 08:12:13.914
6178274856,66739.12000000,0.00009000,6.00652080,1775117533914,True,True,BTCUSDT,2026-04-02 08:12:13.914
6178274857,66739.06000000,0.00033000,22.02388980,1775117533914,True,True,BTCUSDT,2026-04-02 08:12:13.914
6178274858,66739.05000000,0.00029000,19.35432450,1775117533914,True,True,BTCUSDT,2026-04-02 08:12:13.914
6178274859,66738.82000000,0.00690000,460.49785800,1775117533914,True,True,BTCUSDT,2026-04-02 08:12:13.914
6178274860,66738.68000000,0.00016000,10.67818880,1775117533914,True,True,BTCUSDT,2026-04-02 08:12:13.914
6178274861,66738.52000000,0.00085000,56.72774200,1775117533914,True,True,BTCUSDT,2026-04-02 08:12:13.914
6178274862,66738.34000000,0.00008000,5.33906720,1775117533914,True,True,BTCUSDT,2026-04-02 08:12:13.914
6178274863,66738.23000000,0.00149000,99.43996270,1775117533914,True,True,BTCUSDT,2026-04-02 08:12:13.914
6178274864,66738.06000000,0.00048000,32.03426880,1775117533914,True,True,BTCUSDT,2026-04-02 08:12:13.914
6178274865,66738.06000000,0.10330000,6894.04159800,1775117533914,True,True,BTCUSDT,2026-04-02 08:12:13.914
6178274866,66738.06000000,0.00008000,5.33904480,1775117533914,True,True,BTCUSDT,2026-04-02 08:12:13.914
6178274867,66738.06000000,0.00008000,5.33904480,1775117533914,True,True,BTCUSDT,2026-04-02 08:12:13.914
6178274868,66738.03000000,0.00048000,32.03425440,1775117533914,True,True,BTCUSDT,2026-04-02 08:12:13.914
6178274869,66738.01000000,0.00599000,399.76067990,1775117533914,True,True,BTCUSDT,2026-04-02 08:12:13.914
6178274870,66738.01000000,0.00599000,399.76067990,1775117533914,True,True,BTCUSDT,2026-04-02 08:12:13.914
6178274871,66738.00000000,0.00040000,26.69520000,1775117533914,True,True,BTCUSDT,2026-04-02 08:12:13.914
6178274872,66738.00000000,0.00040000,26.69520000,1775117533914,True,True,BTCUSDT,2026-04-02 08:12:13.914
6178274873,66738.00000000,0.00040000,26.69520000,1775117533914,True,True,BTCUSDT,2026-04-02 08:12:13.914
6178274874,66737.93000000,0.01116000,744.79529880,1775117533914,True,True,BTCUSDT,2026-04-02 08:12:13.914
6178274875,66737.66000000,0.00008000,5.33901280,1775117533914,True,True,BTCUSDT,2026-04-02 08:12:13.914
6178274876,66736.91000000,0.00008000,5.33895280,1775117533914,True,True,BTCUSDT,2026-04-02 08:12:13.914
6178274877,66736.91000000,0.00008000,5.33895280,1775117533914,True,True,BTCUSDT,2026-04-02 08:12:13.914
6178274878,66736.84000000,0.00009000,6.00631560,1775117533914,True,True,BTCUSDT,2026-04-02 08:12:13.914
6178274879,66736.58000000,0.00012000,8.00838960,1775117533914,True,True,BTCUSDT,2026-04-02 08:12:13.914
6178274880,66736.54000000,0.00300000,200.20962000,1775117533914,True,True,BTCUSDT,2026-04-02 08:12:13.914
6178274881,66736.53000000,0.00009000,6.00628770,1775117533914,True,True,BTCUSDT,2026-04-02 08:12:13.914
6178274882,66736.53000000,0.00008000,5.33892240,1775117533914,True,True,BTCUSDT,2026-04-02 08:12:13.914
6178274883,66736.46000000,0.10357000,6911.89516220,1775117533914,True,True,BTCUSDT,2026-04-02 08:12:13.914
6178274884,66736.34000000,0.00009000,6.00627060,1775117533914,True,True,BTCUSDT,2026-04-02 08:12:13.914
6178274885,66736.30000000,0.00031000,20.68825300,1775117533914,True,True,BTCUSDT,2026-04-02 08:12:13.914
6178274886,66736.23000000,0.00120000,80.08347600,1775117533914,True,True,BTCUSDT,2026-04-02 08:12:13.914
6178274887,66736.02000000,0.09163000,6115.02151260,1775117533914,True,True,BTCUSDT,2026-04-02 08:12:13.914
6178274888,66736.02000000,0.00008000,5.33888160,1775117534465,True,True,BTCUSDT,2026-04-02 08:12:14.465
6178274889,66736.02000000,0.00008000,5.33888160,1775117534465,True,True,BTCUSDT,2026-04-02 08:12:14.465
6178274890,66736.02000000,0.00008000,5.33888160,1775117534465,True,True,BTCUSDT,2026-04-02 08:12:14.465
6178274891,66736.02000000,0.00154000,102.77347080,1775117534465,True,True,BTCUSDT,2026-04-02 08:12:14.465
6178274892,66736.03000000,0.00010000,6.67360300,1775117534901,False,True,BTCUSDT,2026-04-02 08:12:14.901
6178274893,66736.03000000,0.23750000,15849.80712500,1775117535147,False,True,BTCUSDT,2026-04-02 08:12:15.147
6178274894,66736.03000000,0.00346000,230.90666380,1775117535147,False,True,BTCUSDT,2026-04-02 08:12:15.147
6178274895,66736.02000000,0.00013000,8.67568260,1775117535172,True,True,BTCUSDT,2026-04-02 08:12:15.172
6178274896,66736.02000000,0.00015000,10.01040300,1775117535689,True,True,BTCUSDT,2026-04-02 08:12:15.689
6178274897,66736.02000000,0.00073000,48.71729460,1775117535717,True,True,BTCUSDT,2026-04-02 08:12:15.717
6178274898,66736.03000000,0.00172000,114.78597160,1775117536345,False,True,BTCUSDT,2026-04-02 08:12:16.345
6178274899,66736.03000000,0.00013000,8.67568390,1775117536475,False,True,BTCUSDT,2026-04-02 08:12:16.475
6178274900,66736.03000000,0.00012000,8.00832360,1775117536916,False,True,BTCUSDT,2026-04-02 08:12:16.916
6178274901,66736.03000000,0.00015000,10.01040450,1775117536933,False,True,BTCUSDT,2026-04-02 08:12:16.933
6178274902,66736.03000000,0.00023000,15.34928690,1775117538072,False,True,BTCUSDT,2026-04-02 08:12:18.072
6178274903,66736.03000000,0.00030000,20.02080900,1775117538246,False,True,BTCUSDT,2026-04-02 08:12:18.246
6178274904,66736.03000000,0.00060000,40.04161800,1775117538572,False,True,BTCUSDT,2026-04-02 08:12:18.572
6178274905,66736.03000000,0.00098000,65.40130940,1775117538586,False,True,BTCUSDT,2026-04-02 08:12:18.586
6178274906,66736.03000000,0.01499000,1000.37308970,1775117538673,False,True,BTCUSDT,2026-04-02 08:12:18.673
6178274907,66736.02000000,0.00008000,5.33888160,1775117538829,True,True,BTCUSDT,2026-04-02 08:12:18.829
6178274908,66736.02000000,0.00008000,5.33888160,1775117538829,True,True,BTCUSDT,2026-04-02 08:12:18.829
6178274909,66736.02000000,0.00015000,10.01040300,1775117538829,True,True,BTCUSDT,2026-04-02 08:12:18.829
6178274910,66736.02000000,0.00008000,5.33888160,1775117538829,True,True,BTCUSDT,2026-04-02 08:12:18.829
6178274911,66736.02000000,0.00008000,5.33888160,1775117538829,True,True,BTCUSDT,2026-04-02 08:12:18.829
6178274912,66736.02000000,0.00015000,10.01040300,1775117538829,True,True,BTCUSDT,2026-04-02 08:12:18.829
6178274913,66736.02000000,0.00015000,10.01040300,1775117538829,True,True,BTCUSDT,2026-04-02 08:12:18.829
6178274914,66736.02000000,0.00015000,10.01040300,1775117538829,True,True,BTCUSDT,2026-04-02 08:12:18.829
6178274915,66736.02000000,0.00015000,10.01040300,1775117538829,True,True,BTCUSDT,2026-04-02 08:12:18.829
6178274916,66736.02000000,0.00008000,5.33888160,1775117538829,True,True,BTCUSDT,2026-04-02 08:12:18.829
6178274917,66736.02000000,0.00008000,5.33888160,1775117538829,True,True,BTCUSDT,2026-04-02 08:12:18.829
6178274918,66736.02000000,0.00008000,5.33888160,1775117538829,True,True,BTCUSDT,2026-04-02 08:12:18.829
6178274919,66736.02000000,0.00008000,5.33888160,1775117538829,True,True,BTCUSDT,2026-04-02 08:12:18.829
6178274920,66736.02000000,0.00015000,10.01040300,1775117538829,True,True,BTCUSDT,2026-04-02 08:12:18.829
6178274921,66736.02000000,0.00015000,10.01040300,1775117538829,True,True,BTCUSDT,2026-04-02 08:12:18.829
6178274922,66736.02000000,0.00008000,5.33888160,1775117538829,True,True,BTCUSDT,2026-04-02 08:12:18.829
6178274923,66736.02000000,0.00008000,5.33888160,1775117538829,True,True,BTCUSDT,2026-04-02 08:12:18.829
6178274924,66736.02000000,0.00008000,5.33888160,1775117538829,True,True,BTCUSDT,2026-04-02 08:12:18.829
6178274925,66736.02000000,0.00008000,5.33888160,1775117538829,True,True,BTCUSDT,2026-04-02 08:12:18.829
6178274926,66736.02000000,0.00008000,5.33888160,1775117538829,True,True,BTCUSDT,2026-04-02 08:12:18.829
6178274927,66736.02000000,0.00140000,93.43042800,1775117538829,True,True,BTCUSDT,2026-04-02 08:12:18.829
6178274928,66736.02000000,0.00140000,93.43042800,1775117538829,True,True,BTCUSDT,2026-04-02 08:12:18.829
6178274929,66736.02000000,0.00060000,40.04161200,1775117538829,True,True,BTCUSDT,2026-04-02 08:12:18.829
6178274930,66736.02000000,0.00956000,637.99635120,1775117538829,True,True,BTCUSDT,2026-04-02 08:12:18.829
6178274931,66736.02000000,0.00072000,48.04993440,1775117538834,True,True,BTCUSDT,2026-04-02 08:12:18.834
6178274932,66736.03000000,0.00430000,286.96492900,1775117539517,False,True,BTCUSDT,2026-04-02 08:12:19.517
6178274933,66736.02000000,0.03830000,2555.98956600,1775117539940,True,True,BTCUSDT,2026-04-02 08:12:19.940
6178274934,66736.02000000,0.00048000,32.03328960,1775117539940,True,True,BTCUSDT,2026-04-02 08:12:19.940
6178274935,66736.02000000,0.01092000,728.75733840,1775117539940,True,True,BTCUSDT,2026-04-02 08:12:19.940
6178274936,66736.03000000,0.07792000,5200.07145760,1775117540139,False,True,BTCUSDT,2026-04-02 08:12:20.139
6178274937,66736.03000000,0.12195000,8138.45885850,1775117540139,False,True,BTCUSDT,2026-04-02 08:12:20.139
6178274938,66736.02000000,0.02022000,1349.40232440,1775117540304,True,True,BTCUSDT,2026-04-02 08:12:20.304
6178274939,66736.02000000,0.00008000,5.33888160,1775117540304,True,True,BTCUSDT,2026-04-02 08:12:20.304
6178274940,66736.02000000,0.00008000,5.33888160,1775117540304,True,True,BTCUSDT,2026-04-02 08:12:20.304
6178274941,66736.02000000,0.00008000,5.33888160,1775117540304,True,True,BTCUSDT,2026-04-02 08:12:20.304
6178274942,66736.02000000,0.00008000,5.33888160,1775117540304,True,True,BTCUSDT,2026-04-02 08:12:20.304
6178274943,66736.02000000,0.00008000,5.33888160,1775117540304,True,True,BTCUSDT,2026-04-02 08:12:20.304
6178274944,66736.02000000,0.00008000,5.33888160,1775117540304,True,True,BTCUSDT,2026-04-02 08:12:20.304
6178274945,66736.02000000,0.00008000,5.33888160,1775117540304,True,True,BTCUSDT,2026-04-02 08:12:20.304
6178274946,66736.02000000,0.00008000,5.33888160,1775117540304,True,True,BTCUSDT,2026-04-02 08:12:20.304
6178274947,66736.02000000,0.00008000,5.33888160,1775117540304,True,True,BTCUSDT,2026-04-02 08:12:20.304
6178274948,66736.02000000,0.00008000,5.33888160,1775117540304,True,True,BTCUSDT,2026-04-02 08:12:20.304
6178274949,66736.02000000,0.00008000,5.33888160,1775117540304,True,True,BTCUSDT,2026-04-02 08:12:20.304
6178274950,66736.02000000,0.00008000,5.33888160,1775117540304,True,True,BTCUSDT,2026-04-02 08:12:20.304
6178274951,66736.02000000,0.00008000,5.33888160,1775117540304,True,True,BTCUSDT,2026-04-02 08:12:20.304
6178274952,66736.02000000,0.00015000,10.01040300,1775117540304,True,True,BTCUSDT,2026-04-02 08:12:20.304
6178274953,66736.02000000,0.00008000,5.33888160,1775117540304,True,True,BTCUSDT,2026-04-02 08:12:20.304
6178274954,66736.02000000,0.00008000,5.33888160,1775117540304,True,True,BTCUSDT,2026-04-02 08:12:20.304
6178274955,66736.02000000,0.00008000,5.33888160,1775117540304,True,True,BTCUSDT,2026-04-02 08:12:20.304
6178274956,66736.02000000,0.00015000,10.01040300,1775117540304,True,True,BTCUSDT,2026-04-02 08:12:20.304
6178274957,66736.02000000,0.00015000,10.01040300,1775117540304,True,True,BTCUSDT,2026-04-02 08:12:20.304
6178274958,66736.02000000,0.00899000,599.95681980,1775117540304,True,True,BTCUSDT,2026-04-02 08:12:20.304
6178274959,66736.02000000,0.04606000,3073.86108120,1775117540304,True,True,BTCUSDT,2026-04-02 08:12:20.304
6178274960,66736.02000000,0.00449000,299.64472980,1775117540361,True,True,BTCUSDT,2026-04-02 08:12:20.361
6178274961,66736.03000000,0.02761000,1842.58178830,1775117540868,False,True,BTCUSDT,2026-04-02 08:12:20.868
6178274962,66736.03000000,0.06114000,4080.24087420,1775117540868,False,True,BTCUSDT,2026-04-02 08:12:20.868
6178274963,66736.03000000,0.06570000,4384.55717100,1775117541140,False,True,BTCUSDT,2026-04-02 08:12:21.140
6178274964,66736.03000000,0.00387000,258.26843610,1775117541173,False,True,BTCUSDT,2026-04-02 08:12:21.173
6178274965,66736.02000000,0.00198000,132.13731960,1775117541758,True,True,BTCUSDT,2026-04-02 08:12:21.758
6178274966,66736.03000000,0.00150000,100.10404500,1775117541769,False,True,BTCUSDT,2026-04-02 08:12:21.769
6178274967,66736.03000000,0.00041000,27.36177230,1775117542128,False,True,BTCUSDT,2026-04-02 08:12:22.128
6178274968,66736.03000000,0.00041000,27.36177230,1775117542128,False,True,BTCUSDT,2026-04-02 08:12:22.128
6178274969,66736.03000000,0.00047000,31.36593410,1775117542130,False,True,BTCUSDT,2026-04-02 08:12:22.130
6178274970,66736.03000000,0.00047000,31.36593410,1775117542130,False,True,BTCUSDT,2026-04-02 08:12:22.130
6178274971,66736.03000000,0.00027000,18.01872810,1775117542130,False,True,BTCUSDT,2026-04-02 08:12:22.130
6178274972,66736.03000000,0.00041000,27.36177230,1775117542131,False,True,BTCUSDT,2026-04-02 08:12:22.131
6178274973,66736.03000000,0.00041000,27.36177230,1775117542131,False,True,BTCUSDT,2026-04-02 08:12:22.131
6178274974,66736.03000000,0.00025000,16.68400750,1775117542133,False,True,BTCUSDT,2026-04-02 08:12:22.133
6178274975,66736.02000000,0.00015000,10.01040300,1775117542674,True,True,BTCUSDT,2026-04-02 08:12:22.674
6178274976,66736.02000000,0.00001000,0.66736020,1775117542674,True,True,BTCUSDT,2026-04-02 08:12:22.674
6178274977,66736.03000000,0.00088000,58.72770640,1775117542927,False,True,BTCUSDT,2026-04-02 08:12:22.927
6178274978,66736.02000000,0.00014000,9.34304280,1775117543506,True,True,BTCUSDT,2026-04-02 08:12:23.506
6178274979,66736.02000000,0.00008000,5.33888160,1775117543506,True,True,BTCUSDT,2026-04-02 08:12:23.506
6178274980,66736.02000000,0.00008000,5.33888160,1775117543506,True,True,BTCUSDT,2026-04-02 08:12:23.506
6178274981,66736.02000000,0.00008000,5.33888160,1775117543506,True,True,BTCUSDT,2026-04-02 08:12:23.506
6178274982,66736.02000000,0.00008000,5.33888160,1775117543506,True,True,BTCUSDT,2026-04-02 08:12:23.506
6178274983,66736.02000000,0.00008000,5.33888160,1775117543506,True,True,BTCUSDT,2026-04-02 08:12:23.506
6178274984,66736.02000000,0.00008000,5.33888160,1775117543506,True,True,BTCUSDT,2026-04-02 08:12:23.506
6178274985,66736.02000000,0.00008000,5.33888160,1775117543506,True,True,BTCUSDT,2026-04-02 08:12:23.506
6178274986,66736.02000000,0.00008000,5.33888160,1775117543506,True,True,BTCUSDT,2026-04-02 08:12:23.506
6178274987,66736.02000000,0.00008000,5.33888160,1775117543506,True,True,BTCUSDT,2026-04-02 08:12:23.506
6178274988,66736.02000000,0.00008000,5.33888160,1775117543506,True,True,BTCUSDT,2026-04-02 08:12:23.506
6178274989,66736.02000000,0.00008000,5.33888160,1775117543506,True,True,BTCUSDT,2026-04-02 08:12:23.506
6178274990,66736.02000000,0.00008000,5.33888160,1775117543506,True,True,BTCUSDT,2026-04-02 08:12:23.506
6178274991,66736.02000000,0.00890000,593.95057800,1775117543506,True,True,BTCUSDT,2026-04-02 08:12:23.506
6178274992,66736.02000000,0.00308000,205.54694160,1775117543571,True,True,BTCUSDT,2026-04-02 08:12:23.571
6178274993,66736.02000000,0.00692000,461.81325840,1775117543571,True,True,BTCUSDT,2026-04-02 08:12:23.571
6178274994,66736.02000000,0.00017000,11.34512340,1775117543589,True,True,BTCUSDT,2026-04-02 08:12:23.589
6178274995,66736.02000000,0.00008000,5.33888160,1775117543589,True,True,BTCUSDT,2026-04-02 08:12:23.589
6178274996,66736.02000000,0.00008000,5.33888160,1775117543589,True,True,BTCUSDT,2026-04-02 08:12:23.589
6178274997,66736.02000000,0.00008000,5.33888160,1775117543589,True,True,BTCUSDT,2026-04-02 08:12:23.589
6178274998,66736.02000000,0.00008000,5.33888160,1775117543589,True,True,BTCUSDT,2026-04-02 08:12:23.589
6178274999,66736.02000000,0.00008000,5.33888160,1775117543589,True,True,BTCUSDT,2026-04-02 08:12:23.589
6178275000,66736.02000000,0.00008000,5.33888160,1775117543589,True,True,BTCUSDT,2026-04-02 08:12:23.589
6178275001,66736.02000000,0.00008000,5.33888160,1775117543589,True,True,BTCUSDT,2026-04-02 08:12:23.589
6178275002,66736.02000000,0.00015000,10.01040300,1775117543589,True,True,BTCUSDT,2026-04-02 08:12:23.589
6178275003,66736.02000000,0.00008000,5.33888160,1775117543589,True,True,BTCUSDT,2026-04-02 08:12:23.589
6178275004,66736.02000000,0.00008000,5.33888160,1775117543589,True,True,BTCUSDT,2026-04-02 08:12:23.589
6178275005,66736.02000000,0.00008000,5.33888160,1775117543589,True,True,BTCUSDT,2026-04-02 08:12:23.589
6178275006,66736.02000000,0.00008000,5.33888160,1775117543589,True,True,BTCUSDT,2026-04-02 08:12:23.589
6178275007,66736.02000000,0.00008000,5.33888160,1775117543589,True,True,BTCUSDT,2026-04-02 08:12:23.589
6178275008,66736.02000000,0.00054000,36.03745080,1775117543589,True,True,BTCUSDT,2026-04-02 08:12:23.589
6178275009,66736.02000000,0.00008000,5.33888160,1775117543589,True,True,BTCUSDT,2026-04-02 08:12:23.589
6178275010,66736.02000000,0.00008000,5.33888160,1775117543589,True,True,BTCUSDT,2026-04-02 08:12:23.589
6178275011,66736.02000000,0.00008000,5.33888160,1775117543589,True,True,BTCUSDT,2026-04-02 08:12:23.589
6178275012,66736.02000000,0.00008000,5.33888160,1775117543589,True,True,BTCUSDT,2026-04-02 08:12:23.589
6178275013,66736.02000000,0.00008000,5.33888160,1775117543589,True,True,BTCUSDT,2026-04-02 08:12:23.589
6178275014,66736.02000000,0.00008000,5.33888160,1775117543589,True,True,BTCUSDT,2026-04-02 08:12:23.589
6178275015,66736.01000000,0.00008000,5.33888080,1775117543589,True,True,BTCUSDT,2026-04-02 08:12:23.589
6178275016,66736.01000000,0.00008000,5.33888080,1775117543589,True,True,BTCUSDT,2026-04-02 08:12:23.589
6178275017,66736.01000000,0.00033000,22.02288330,1775117543589,True,True,BTCUSDT,2026-04-02 08:12:23.589
6178275018,66736.01000000,0.00008000,5.33888080,1775117543589,True,True,BTCUSDT,2026-04-02 08:12:23.589
6178275019,66736.00000000,0.00040000,26.69440000,1775117543589,True,True,BTCUSDT,2026-04-02 08:12:23.589
6178275020,66736.00000000,0.00040000,26.69440000,1775117543589,True,True,BTCUSDT,2026-04-02 08:12:23.589
6178275021,66736.00000000,0.00040000,26.69440000,1775117543589,True,True,BTCUSDT,2026-04-02 08:12:23.589
6178275022,66735.58000000,0.00059000,39.37399220,1775117543589,True,True,BTCUSDT,2026-04-02 08:12:23.589
6178275023,66735.58000000,0.00116000,77.41327280,1775117543589,True,True,BTCUSDT,2026-04-02 08:12:23.589
6178275024,66735.41000000,0.00025000,16.68385250,1775117543589,True,True,BTCUSDT,2026-04-02 08:12:23.589
6178275025,66735.41000000,0.00082000,54.72303620,1775117543589,True,True,BTCUSDT,2026-04-02 08:12:23.589
6178275026,66735.24000000,0.00021000,14.01440040,1775117543589,True,True,BTCUSDT,2026-04-02 08:12:23.589
6178275027,66735.24000000,0.00114000,76.07817360,1775117543589,True,True,BTCUSDT,2026-04-02 08:12:23.589
6178275028,66734.93000000,0.00008000,5.33879440,1775117543589,True,True,BTCUSDT,2026-04-02 08:12:23.589
6178275029,66734.93000000,0.00088000,58.72673840,1775117543589,True,True,BTCUSDT,2026-04-02 08:12:23.589
6178275030,66734.92000000,0.00008000,5.33879360,1775117543589,True,True,BTCUSDT,2026-04-02 08:12:23.589
6178275031,66734.92000000,0.00089000,59.39407880,1775117543589,True,True,BTCUSDT,2026-04-02 08:12:23.589
6178275032,66734.91000000,0.00062000,41.37564420,1775117543589,True,True,BTCUSDT,2026-04-02 08:12:23.589
6178275033,66734.91000000,0.00051000,34.03480410,1775117543589,True,True,BTCUSDT,2026-04-02 08:12:23.589
6178275034,66734.83000000,0.00008000,5.33878640,1775117543589,True,True,BTCUSDT,2026-04-02 08:12:23.589
6178275035,66734.83000000,0.00083000,55.38990890,1775117543589,True,True,BTCUSDT,2026-04-02 08:12:23.589
6178275036,66734.82000000,0.00533000,355.69659060,1775117543589,True,True,BTCUSDT,2026-04-02 08:12:23.589
6178275037,66734.47000000,0.00056000,37.37130320,1775117543589,True,True,BTCUSDT,2026-04-02 08:12:23.589
6178275038,66734.00000000,0.00040000,26.69360000,1775117543589,True,True,BTCUSDT,2026-04-02 08:12:23.589
6178275039,66734.00000000,0.00040000,26.69360000,1775117543589,True,True,BTCUSDT,2026-04-02 08:12:23.589
6178275040,66734.00000000,0.00040000,26.69360000,1775117543589,True,True,BTCUSDT,2026-04-02 08:12:23.589
6178275041,66733.94000000,0.00009000,6.00605460,1775117543589,True,True,BTCUSDT,2026-04-02 08:12:23.589
6178275042,66733.33000000,0.00023000,15.34866590,1775117543589,True,True,BTCUSDT,2026-04-02 08:12:23.589
6178275043,66733.33000000,0.00112000,74.74132960,1775117543589,True,True,BTCUSDT,2026-04-02 08:12:23.589
6178275044,66733.20000000,0.00008000,5.33865600,1775117543589,True,True,BTCUSDT,2026-04-02 08:12:23.589
6178275045,66733.20000000,0.00008000,5.33865600,1775117543589,True,True,BTCUSDT,2026-04-02 08:12:23.589
6178275046,66733.17000000,0.00300000,200.19951000,1775117543589,True,True,BTCUSDT,2026-04-02 08:12:23.589
6178275047,66733.12000000,0.00008000,5.33864960,1775117543589,True,True,BTCUSDT,2026-04-02 08:12:23.589
6178275048,66732.97000000,0.00008000,5.33863760,1775117543589,True,True,BTCUSDT,2026-04-02 08:12:23.589
6178275049,66732.96000000,0.00094000,62.72898240,1775117543589,True,True,BTCUSDT,2026-04-02 08:12:23.589
6178275050,66732.96000000,0.00397000,264.92985120,1775117543605,True,True,BTCUSDT,2026-04-02 08:12:23.605
6178275051,66732.96000000,0.00010000,6.67329600,1775117543605,True,True,BTCUSDT,2026-04-02 08:12:23.605
6178275052,66732.96000000,0.00010000,6.67329600,1775117543605,True,True,BTCUSDT,2026-04-02 08:12:23.605
6178275053,66732.96000000,0.00008000,5.33863680,1775117543605,True,True,BTCUSDT,2026-04-02 08:12:23.605
6178275054,66732.96000000,0.00008000,5.33863680,1775117543605,True,True,BTCUSDT,2026-04-02 08:12:23.605
6178275055,66732.96000000,0.00015000,10.00994400,1775117543605,True,True,BTCUSDT,2026-04-02 08:12:23.605
6178275056,66732.96000000,0.00008000,5.33863680,1775117543605,True,True,BTCUSDT,2026-04-02 08:12:23.605
6178275057,66732.96000000,0.00008000,5.33863680,1775117543605,True,True,BTCUSDT,2026-04-02 08:12:23.605
6178275058,66732.96000000,0.00008000,5.33863680,1775117543605,True,True,BTCUSDT,2026-04-02 08:12:23.605
6178275059,66732.96000000,0.00008000,5.33863680,1775117543605,True,True,BTCUSDT,2026-04-02 08:12:23.605
6178275060,66732.96000000,0.00008000,5.33863680,1775117543605,True,True,BTCUSDT,2026-04-02 08:12:23.605
6178275061,66732.96000000,0.00008000,5.33863680,1775117543605,True,True,BTCUSDT,2026-04-02 08:12:23.605
6178275062,66732.96000000,0.00008000,5.33863680,1775117543605,True,True,BTCUSDT,2026-04-02 08:12:23.605
6178275063,66732.96000000,0.00008000,5.33863680,1775117543605,True,True,BTCUSDT,2026-04-02 08:12:23.605
6178275064,66732.96000000,0.00008000,5.33863680,1775117543605,True,True,BTCUSDT,2026-04-02 08:12:23.605
6178275065,66732.96000000,0.03376000,2252.90472960,1775117543605,True,True,BTCUSDT,2026-04-02 08:12:23.605
6178275066,66732.96000000,0.00461000,307.63894560,1775117543629,True,True,BTCUSDT,2026-04-02 08:12:23.629
6178275067,66732.97000000,0.00042000,28.02784740,1775117543934,False,True,BTCUSDT,2026-04-02 08:12:23.934
6178275068,66732.96000000,0.00080000,53.38636800,1775117544630,True,True,BTCUSDT,2026-04-02 08:12:24.630
6178275069,66732.97000000,0.17641000,11772.36323770,1775117545139,False,True,BTCUSDT,2026-04-02 08:12:25.139
6178275070,66732.97000000,0.00301000,200.86623970,1775117545290,False,True,BTCUSDT,2026-04-02 08:12:25.290
6178275071,66732.96000000,0.00014000,9.34261440,1775117545414,True,True,BTCUSDT,2026-04-02 08:12:25.414
6178275072,66732.96000000,0.00014000,9.34261440,1775117545489,True,True,BTCUSDT,2026-04-02 08:12:25.489
6178275073,66732.96000000,0.00065000,43.37642400,1775117545497,True,True,BTCUSDT,2026-04-02 08:12:25.497
6178275074,66732.96000000,0.00014000,9.34261440,1775117545562,True,True,BTCUSDT,2026-04-02 08:12:25.562
6178275075,66732.97000000,0.00015000,10.00994550,1775117546122,False,True,BTCUSDT,2026-04-02 08:12:26.122
6178275076,66732.97000000,0.00067000,44.71108990,1775117546122,False,True,BTCUSDT,2026-04-02 08:12:26.122
6178275077,66732.97000000,0.00082000,54.72103540,1775117546122,False,True,BTCUSDT,2026-04-02 08:12:26.122
6178275078,66732.97000000,0.00082000,54.72103540,1775117546122,False,True,BTCUSDT,2026-04-02 08:12:26.122
6178275079,66732.97000000,0.00056000,37.37046320,1775117546122,False,True,BTCUSDT,2026-04-02 08:12:26.122
6178275080,66732.97000000,0.00033000,22.02188010,1775117546182,False,True,BTCUSDT,2026-04-02 08:12:26.182
6178275081,66732.97000000,0.00130000,86.75286100,1775117546498,False,True,BTCUSDT,2026-04-02 08:12:26.498
6178275082,66732.96000000,0.00197000,131.46393120,1775117548119,True,True,BTCUSDT,2026-04-02 08:12:28.119
6178275083,66732.96000000,0.00049000,32.69915040,1775117548466,True,True,BTCUSDT,2026-04-02 08:12:28.466
6178275084,66732.96000000,0.00444000,296.29434240,1775117548648,True,True,BTCUSDT,2026-04-02 08:12:28.648
6178275085,66732.97000000,0.00008000,5.33863760,1775117548975,False,True,BTCUSDT,2026-04-02 08:12:28.975
6178275086,66732.97000000,0.00230000,153.48583100,1775117548975,False,True,BTCUSDT,2026-04-02 08:12:28.975
6178275087,66732.97000000,0.00008000,5.33863760,1775117548975,False,True,BTCUSDT,2026-04-02 08:12:28.975
6178275088,66732.97000000,0.01866000,1245.23722020,1775117548975,False,True,BTCUSDT,2026-04-02 08:12:28.975
6178275089,66732.97000000,0.00903000,602.59871910,1775117549113,False,True,BTCUSDT,2026-04-02 08:12:29.113
6178275090,66732.97000000,0.04170000,2782.76484900,1775117549141,False,True,BTCUSDT,2026-04-02 08:12:29.141
6178275091,66732.97000000,0.03553000,2371.02242410,1775117550145,False,True,BTCUSDT,2026-04-02 08:12:30.145
6178275092,66732.97000000,0.05260000,3510.15422200,1775117550145,False,True,BTCUSDT,2026-04-02 08:12:30.145
6178275093,66732.97000000,0.00015000,10.00994550,1775117550145,False,True,BTCUSDT,2026-04-02 08:12:30.145
6178275094,66732.97000000,0.00015000,10.00994550,1775117550145,False,True,BTCUSDT,2026-04-02 08:12:30.145
6178275095,66732.97000000,0.00015000,10.00994550,1775117550145,False,True,BTCUSDT,2026-04-02 08:12:30.145
6178275096,66732.97000000,0.00008000,5.33863760,1775117550145,False,True,BTCUSDT,2026-04-02 08:12:30.145
6178275097,66732.97000000,0.09825000,6556.51430250,1775117550145,False,True,BTCUSDT,2026-04-02 08:12:30.145
6178275098,66732.97000000,0.00043000,28.69517710,1775117550489,False,True,BTCUSDT,2026-04-02 08:12:30.489
6178275099,66732.96000000,0.00031000,20.68721760,1775117551217,True,True,BTCUSDT,2026-04-02 08:12:31.217
6178275100,66732.97000000,0.00010000,6.67329700,1775117551782,False,True,BTCUSDT,2026-04-02 08:12:31.782
6178275101,66732.97000000,0.00010000,6.67329700,1775117552173,False,True,BTCUSDT,2026-04-02 08:12:32.173
6178275102,66732.97000000,0.02997000,1999.98711090,1775117552810,False,True,BTCUSDT,2026-04-02 08:12:32.810
6178275103,66732.97000000,0.00042000,28.02784740,1775117552927,False,True,BTCUSDT,2026-04-02 08:12:32.927
6178275104,66732.97000000,0.09528000,6358.31738160,1775117552968,False,True,BTCUSDT,2026-04-02 08:12:32.968
6178275105,66732.97000000,0.00069000,46.04574930,1775117552968,False,True,BTCUSDT,2026-04-02 08:12:32.968
6178275106,66732.97000000,0.00048000,32.03182560,1775117552968,False,True,BTCUSDT,2026-04-02 08:12:32.968
6178275107,66732.97000000,0.00048000,32.03182560,1775117552968,False,True,BTCUSDT,2026-04-02 08:12:32.968
6178275108,66732.97000000,0.00626000,417.74839220,1775117552968,False,True,BTCUSDT,2026-04-02 08:12:32.968
6178275109,66732.97000000,0.00008000,5.33863760,1775117552968,False,True,BTCUSDT,2026-04-02 08:12:32.968
6178275110,66732.97000000,0.00361000,240.90602170,1775117552968,False,True,BTCUSDT,2026-04-02 08:12:32.968
6178275111,66732.97000000,0.00008000,5.33863760,1775117552968,False,True,BTCUSDT,2026-04-02 08:12:32.968
6178275112,66732.97000000,0.00008000,5.33863760,1775117552968,False,True,BTCUSDT,2026-04-02 08:12:32.968
6178275113,66732.97000000,0.00297000,198.19692090,1775117552968,False,True,BTCUSDT,2026-04-02 08:12:32.968
6178275114,66732.97000000,0.00183000,122.12133510,1775117552968,False,True,BTCUSDT,2026-04-02 08:12:32.968
6178275115,66732.97000000,0.00021000,14.01392370,1775117552968,False,True,BTCUSDT,2026-04-02 08:12:32.968
6178275116,66732.97000000,0.00486000,324.32223420,1775117552968,False,True,BTCUSDT,2026-04-02 08:12:32.968
6178275117,66732.97000000,0.00480000,320.31825600,1775117552968,False,True,BTCUSDT,2026-04-02 08:12:32.968
6178275118,66732.97000000,0.00480000,320.31825600,1775117552968,False,True,BTCUSDT,2026-04-02 08:12:32.968
6178275119,66732.97000000,0.00171000,114.11337870,1775117552968,False,True,BTCUSDT,2026-04-02 08:12:32.968
6178275120,66732.97000000,0.00008000,5.33863760,1775117552968,False,True,BTCUSDT,2026-04-02 08:12:32.968
6178275121,66732.97000000,0.00008000,5.33863760,1775117552968,False,True,BTCUSDT,2026-04-02 08:12:32.968
6178275122,66732.97000000,0.00008000,5.33863760,1775117552968,False,True,BTCUSDT,2026-04-02 08:12:32.968
6178275123,66732.97000000,0.00008000,5.33863760,1775117552968,False,True,BTCUSDT,2026-04-02 08:12:32.968
6178275124,66732.97000000,0.00008000,5.33863760,1775117552968,False,True,BTCUSDT,2026-04-02 08:12:32.968
6178275125,66732.97000000,0.07598000,5070.37106060,1775117552968,False,True,BTCUSDT,2026-04-02 08:12:32.968
6178275126,66732.97000000,0.11067000,7385.33778990,1775117552968,False,True,BTCUSDT,2026-04-02 08:12:32.968
6178275127,66732.97000000,0.00008000,5.33863760,1775117552968,False,True,BTCUSDT,2026-04-02 08:12:32.968
6178275128,66732.97000000,0.00008000,5.33863760,1775117552968,False,True,BTCUSDT,2026-04-02 08:12:32.968
6178275129,66732.97000000,0.00015000,10.00994550,1775117552968,False,True,BTCUSDT,2026-04-02 08:12:32.968
6178275130,66732.97000000,0.00008000,5.33863760,1775117552968,False,True,BTCUSDT,2026-04-02 08:12:32.968
6178275131,66732.97000000,0.00008000,5.33863760,1775117552968,False,True,BTCUSDT,2026-04-02 08:12:32.968
6178275132,66732.97000000,0.00600000,400.39782000,1775117552968,False,True,BTCUSDT,2026-04-02 08:12:32.968
6178275133,66732.97000000,0.00600000,400.39782000,1775117552968,False,True,BTCUSDT,2026-04-02 08:12:32.968
6178275134,66732.97000000,0.07126000,4755.39144220,1775117552968,False,True,BTCUSDT,2026-04-02 08:12:32.968
6178275135,66732.97000000,0.03234000,2158.14424980,1775117552968,False,True,BTCUSDT,2026-04-02 08:12:32.968
6178275136,66732.97000000,0.00008000,5.33863760,1775117552968,False,True,BTCUSDT,2026-04-02 08:12:32.968
6178275137,66732.97000000,0.00008000,5.33863760,1775117552968,False,True,BTCUSDT,2026-04-02 08:12:32.968
6178275138,66732.97000000,0.00008000,5.33863760,1775117552968,False,True,BTCUSDT,2026-04-02 08:12:32.968
6178275139,66732.97000000,0.00008000,5.33863760,1775117552968,False,True,BTCUSDT,2026-04-02 08:12:32.968
6178275140,66732.97000000,0.00008000,5.33863760,1775117552968,False,True,BTCUSDT,2026-04-02 08:12:32.968
6178275141,66732.97000000,0.00008000,5.33863760,1775117552968,False,True,BTCUSDT,2026-04-02 08:12:32.968
6178275142,66732.97000000,0.00008000,5.33863760,1775117552968,False,True,BTCUSDT,2026-04-02 08:12:32.968
6178275143,66732.97000000,0.00008000,5.33863760,1775117552968,False,True,BTCUSDT,2026-04-02 08:12:32.968
6178275144,66732.97000000,0.00008000,5.33863760,1775117552968,False,True,BTCUSDT,2026-04-02 08:12:32.968
6178275145,66732.97000000,0.00008000,5.33863760,1775117552968,False,True,BTCUSDT,2026-04-02 08:12:32.968
6178275146,66732.97000000,0.00008000,5.33863760,1775117552968,False,True,BTCUSDT,2026-04-02 08:12:32.968
6178275147,66732.97000000,0.00008000,5.33863760,1775117552968,False,True,BTCUSDT,2026-04-02 08:12:32.968
6178275148,66732.97000000,0.00008000,5.33863760,1775117552968,False,True,BTCUSDT,2026-04-02 08:12:32.968
6178275149,66732.97000000,0.00008000,5.33863760,1775117552968,False,True,BTCUSDT,2026-04-02 08:12:32.968
6178275150,66732.97000000,0.00008000,5.33863760,1775117552968,False,True,BTCUSDT,2026-04-02 08:12:32.968
6178275151,66732.97000000,0.00008000,5.33863760,1775117552968,False,True,BTCUSDT,2026-04-02 08:12:32.968
6178275152,66732.97000000,0.00008000,5.33863760,1775117552968,False,True,BTCUSDT,2026-04-02 08:12:32.968
6178275153,66732.97000000,0.00008000,5.33863760,1775117552968,False,True,BTCUSDT,2026-04-02 08:12:32.968
6178275154,66732.97000000,0.00008000,5.33863760,1775117552968,False,True,BTCUSDT,2026-04-02 08:12:32.968
6178275155,66732.98000000,0.00008000,5.33863840,1775117552968,False,True,BTCUSDT,2026-04-02 08:12:32.968
6178275156,66732.98000000,0.00008000,5.33863840,1775117552968,False,True,BTCUSDT,2026-04-02 08:12:32.968
6178275157,66732.98000000,0.00008000,5.33863840,1775117552968,False,True,BTCUSDT,2026-04-02 08:12:32.968
6178275158,66732.98000000,0.00008000,5.33863840,1775117552968,False,True,BTCUSDT,2026-04-02 08:12:32.968
6178275159,66732.98000000,0.00008000,5.33863840,1775117552968,False,True,BTCUSDT,2026-04-02 08:12:32.968
6178275160,66732.98000000,0.00008000,5.33863840,1775117552968,False,True,BTCUSDT,2026-04-02 08:12:32.968
6178275161,66732.98000000,0.00008000,5.33863840,1775117552968,False,True,BTCUSDT,2026-04-02 08:12:32.968
6178275162,66732.98000000,0.00008000,5.33863840,1775117552968,False,True,BTCUSDT,2026-04-02 08:12:32.968
6178275163,66733.20000000,0.00008000,5.33865600,1775117552968,False,True,BTCUSDT,2026-04-02 08:12:32.968
6178275164,66733.34000000,0.00008000,5.33866720,1775117552970,False,True,BTCUSDT,2026-04-02 08:12:32.970
6178275165,66734.07000000,0.00371000,247.58339970,1775117552970,False,True,BTCUSDT,2026-04-02 08:12:32.970
6178275166,66734.82000000,0.00008000,5.33878560,1775117552970,False,True,BTCUSDT,2026-04-02 08:12:32.970
6178275167,66734.82000000,0.00008000,5.33878560,1775117552970,False,True,BTCUSDT,2026-04-02 08:12:32.970
6178275168,66734.83000000,0.00008000,5.33878640,1775117552970,False,True,BTCUSDT,2026-04-02 08:12:32.970
6178275169,66734.83000000,0.00008000,5.33878640,1775117552970,False,True,BTCUSDT,2026-04-02 08:12:32.970
6178275170,66734.92000000,0.00008000,5.33879360,1775117552970,False,True,BTCUSDT,2026-04-02 08:12:32.970
6178275171,66734.92000000,0.00008000,5.33879360,1775117552970,False,True,BTCUSDT,2026-04-02 08:12:32.970
6178275172,66735.03000000,0.00008000,5.33880240,1775117552970,False,True,BTCUSDT,2026-04-02 08:12:32.970
6178275173,66735.03000000,0.00008000,5.33880240,1775117552970,False,True,BTCUSDT,2026-04-02 08:12:32.970
6178275174,66735.03000000,0.00008000,5.33880240,1775117552970,False,True,BTCUSDT,2026-04-02 08:12:32.970
6178275175,66735.03000000,0.00008000,5.33880240,1775117552970,False,True,BTCUSDT,2026-04-02 08:12:32.970
6178275176,66735.04000000,0.01099000,733.41808960,1775117552970,False,True,BTCUSDT,2026-04-02 08:12:32.970
6178275177,66735.04000000,0.00024000,16.01640960,1775117552972,False,True,BTCUSDT,2026-04-02 08:12:32.972
6178275178,66735.04000000,0.00008000,5.33880320,1775117552972,False,True,BTCUSDT,2026-04-02 08:12:32.972
6178275179,66735.04000000,0.00008000,5.33880320,1775117552972,False,True,BTCUSDT,2026-04-02 08:12:32.972
6178275180,66735.04000000,0.00008000,5.33880320,1775117552972,False,True,BTCUSDT,2026-04-02 08:12:32.972
6178275181,66735.04000000,0.00008000,5.33880320,1775117552972,False,True,BTCUSDT,2026-04-02 08:12:32.972
6178275182,66735.04000000,0.00008000,5.33880320,1775117552972,False,True,BTCUSDT,2026-04-02 08:12:32.972
6178275183,66735.04000000,0.00008000,5.33880320,1775117552972,False,True,BTCUSDT,2026-04-02 08:12:32.972
6178275184,66735.04000000,0.00008000,5.33880320,1775117552972,False,True,BTCUSDT,2026-04-02 08:12:32.972
6178275185,66735.04000000,0.00008000,5.33880320,1775117552972,False,True,BTCUSDT,2026-04-02 08:12:32.972
6178275186,66735.04000000,0.00008000,5.33880320,1775117552972,False,True,BTCUSDT,2026-04-02 08:12:32.972
6178275187,66735.04000000,0.00008000,5.33880320,1775117552972,False,True,BTCUSDT,2026-04-02 08:12:32.972
6178275188,66735.04000000,0.00008000,5.33880320,1775117552972,False,True,BTCUSDT,2026-04-02 08:12:32.972
6178275189,66735.04000000,0.00230000,153.49059200,1775117552972,False,True,BTCUSDT,2026-04-02 08:12:32.972
6178275190,66735.04000000,0.00008000,5.33880320,1775117552972,False,True,BTCUSDT,2026-04-02 08:12:32.972
6178275191,66735.04000000,0.00008000,5.33880320,1775117552972,False,True,BTCUSDT,2026-04-02 08:12:32.972
6178275192,66735.04000000,0.00008000,5.33880320,1775117552972,False,True,BTCUSDT,2026-04-02 08:12:32.972
6178275193,66735.04000000,0.00008000,5.33880320,1775117552972,False,True,BTCUSDT,2026-04-02 08:12:32.972
6178275194,66736.01000000,0.00008000,5.33888080,1775117552972,False,True,BTCUSDT,2026-04-02 08:12:32.972
6178275195,66736.01000000,0.00008000,5.33888080,1775117552972,False,True,BTCUSDT,2026-04-02 08:12:32.972
6178275196,66736.01000000,0.00008000,5.33888080,1775117552972,False,True,BTCUSDT,2026-04-02 08:12:32.972
6178275197,66736.01000000,0.00008000,5.33888080,1775117552972,False,True,BTCUSDT,2026-04-02 08:12:32.972
6178275198,66736.01000000,0.00008000,5.33888080,1775117552972,False,True,BTCUSDT,2026-04-02 08:12:32.972
6178275199,66736.02000000,0.00008000,5.33888160,1775117552972,False,True,BTCUSDT,2026-04-02 08:12:32.972
6178275200,66736.02000000,0.00008000,5.33888160,1775117552972,False,True,BTCUSDT,2026-04-02 08:12:32.972
6178275201,66736.02000000,0.00056000,37.37217120,1775117552972,False,True,BTCUSDT,2026-04-02 08:12:32.972
6178275202,66736.02000000,0.00008000,5.33888160,1775117552972,False,True,BTCUSDT,2026-04-02 08:12:32.972
6178275203,66736.02000000,0.00008000,5.33888160,1775117552972,False,True,BTCUSDT,2026-04-02 08:12:32.972
6178275204,66736.03000000,0.00008000,5.33888240,1775117552972,False,True,BTCUSDT,2026-04-02 08:12:32.972
6178275205,66736.03000000,0.00718000,479.16469540,1775117552972,False,True,BTCUSDT,2026-04-02 08:12:32.972
6178275206,66736.03000000,0.00259000,172.84631770,1775117552972,False,True,BTCUSDT,2026-04-02 08:12:32.972
6178275207,66736.03000000,0.00232000,154.82758960,1775117552972,False,True,BTCUSDT,2026-04-02 08:12:32.972
6178275208,66736.03000000,0.00403000,268.94620090,1775117552972,False,True,BTCUSDT,2026-04-02 08:12:32.972
6178275209,66736.03000000,0.00008000,5.33888240,1775117552972,False,True,BTCUSDT,2026-04-02 08:12:32.972
6178275210,66736.03000000,0.00008000,5.33888240,1775117552972,False,True,BTCUSDT,2026-04-02 08:12:32.972
6178275211,66736.03000000,0.00008000,5.33888240,1775117552972,False,True,BTCUSDT,2026-04-02 08:12:32.972
6178275212,66736.03000000,0.00008000,5.33888240,1775117552972,False,True,BTCUSDT,2026-04-02 08:12:32.972
